
@article{kepa_ks._2000,
	title = {Ks. {Stefana} {Pawlickiego} studium przyrody},
	volume = {37},
	issn = {0137-6624},
	url = {www.studiawarminskie.uwm.edu.pl/assets/Artykuly/sw37425-460.pdf},
	language = {pl},
	journal = {Studia Warmińskie},
	author = {Kępa, Zbigniew},
	year = {2000},
	pages = {425--460},
	file = {Kępa Z., Ks. Stefana Pawlickiego studium przyrody, „Studia Warmińskie”, t. 37, 2000, s. 425–460.pdf:/home/pawel/.zotero/zotero/2felkxqq.default/zotero/storage/2A3KH3JP/Kępa Z., Ks. Stefana Pawlickiego studium przyrody, „Studia Warmińskie”, t. 37, 2000, s. 425–460.pdf:application/pdf},
}

@book{pawlicki_kilka_1878,
	address = {Kraków},
	title = {Kilka uwag o podstawie i granicach filozofii},
	copyright = {Public Domain},
	url = {http://rcin.org.pl/dlibra/docmetadata?id=15111},
	language = {pl},
	publisher = {Nakł. Księgarni S. A. Krzyżanowskiego},
	author = {Pawlicki, Stefan Zachariasz},
	year = {1878},
	file = {Pawlicki-Kilka_uwag_o_podstawie_i_granicach_filozofii.pdf:/home/pawel/.zotero/zotero/2felkxqq.default/zotero/storage/W9EDEGG4/Pawlicki-Kilka_uwag_o_podstawie_i_granicach_filozofii.pdf:application/pdf},
}

@article{mroz_metoda_2008,
	title = {Metoda historii filozofii wedle {Stefana} {Pawlickiego}},
	volume = {1},
	url = {http://publikacje.uz.zgora.pl:7777/skep/docs/F12208/r1-4%5B1%5D.pdf},
	language = {pl},
	journal = {Rocznik Historii Filozofii Polskiej},
	author = {Mróz, Tomasz},
	year = {2008},
	pages = {141--162},
	file = {Mróz T., Metoda historii filozofii wedle Stefana Pawlickiego, „Rocznik Historii Filozofii Polskiej”, t. 1, 2008, s. 141–162.pdf:/home/pawel/.zotero/zotero/2felkxqq.default/zotero/storage/TBV5QUF4/Mróz T., Metoda historii filozofii wedle Stefana Pawlickiego, „Rocznik Historii Filozofii Polskiej”, t. 1, 2008, s. 141–162.pdf:application/pdf},
}

@book{glombik_czlowiek_1973,
	address = {Warszawa},
	title = {Człowiek i historia; studium koncepcji filozoficznej {Stefana} {Pawlickiego}.},
	language = {pl},
	publisher = {Państwowe Wydawnictwo Naukowe},
	author = {Głombik, Czesław},
	year = {1973},
	note = {OCLC: 2145388},
}

@book{pawlicki_historya_1903,
	title = {Historya filozofii greckiej od {Talesa} do śmierci {Arystotelesa}. {T}. 2, cz. 1},
	copyright = {Public Domain},
	url = {http://mbc.malopolska.pl/Content/18081/},
	abstract = {480 s. ; 24 cm},
	language = {pol},
	publisher = {G. Gebethner i Spółka},
	author = {Pawlicki, Stefan Zachariasz},
	year = {1903},
	keywords = {Filozofia -- historia -- Grecja -- do 4 w. p.n.e. -- [JHPBN], history of philosophy in Ancient Greece (4 c . BC), Platon (427-347) [JHPBN]},
	file = {Pawlicki S.Z.,, Historya filozofii greckiej od Talesa do śmierci Arystotelesa. T. 2, cz. 1, G. Gebethner i Spółka 1903.djvu:/home/pawel/.zotero/zotero/2felkxqq.default/zotero/storage/F57ZKRZG/Pawlicki S.Z.,, Historya filozofii greckiej od Talesa do śmierci Arystotelesa. T. 2, cz. 1, G. Gebethner i Spółka 1903.djvu:image/vnd.djvu},
}

@incollection{heller_krakowska_2007,
	address = {Kraków; Tarnów},
	title = {Krakowska filozofia przyrody w okresie międzywojennym},
	volume = {1},
	isbn = {978-83-7332-429-9},
	language = {pl},
	booktitle = {Krakowska filozofia przyrody w okresie międzywojennym},
	publisher = {OBI-Biblos},
	author = {Heller, Michał and Mączka, Janusz},
	year = {2007},
	pages = {5--40},
	file = {Heller i Mączka - 2007 - Krakowska filozofia przyrody w okresie międzywojen.pdf:/home/pawel/.zotero/zotero/2felkxqq.default/zotero/storage/IWRAPHQA/Heller i Mączka - 2007 - Krakowska filozofia przyrody w okresie międzywojen.pdf:application/pdf},
}

@book{lentzen_zur_1861,
	address = {Köln},
	title = {Zur philosophischen {Methode}},
	url = {https://books.google.pl/books?id=WPEGAAAAcAAJ},
	language = {de},
	publisher = {M. Du Mont-Schauberg},
	author = {Lentzen, Johann Heinrich},
	year = {1861},
	note = {Google-Books-ID: WPEGAAAAcAAJ},
}

@book{trentowski_myslini_1844,
	address = {Poznań},
	title = {Myślini czyli całokształt loiki narodowej. {Tom} 2},
	language = {pl},
	publisher = {Nakł. Autora u N. Kamieńskiego i Spółki},
	author = {Trentowski, Bronisław Ferdynand},
	year = {1844},
	note = {Google-Books-ID: 0qwwAAAAYAAJ},
	file = {Trentowski B.F., Myślini czyli całokształt loiki narodowej. Tom 2, Poznań 1844.pdf:/home/pawel/.zotero/zotero/2felkxqq.default/zotero/storage/6MC4WTGK/Trentowski B.F., Myślini czyli całokształt loiki narodowej. Tom 2, Poznań 1844.pdf:application/pdf},
}

@book{trentowski_myslini_1844-1,
	address = {Poznań},
	title = {Myślini czyli całokształt loiki narodowej. {Tom} 1},
	language = {pl},
	publisher = {Nakł. Autora u N. Kamieńskiego i Spółki},
	author = {Trentowski, Bronisław Ferdynand},
	year = {1844},
	note = {Google-Books-ID: 4L49AAAAIAAJ},
	file = {Trentowski B.F., Myślini czyli całokształt loiki narodowej. Tom 1, Poznań 1844.pdf:/home/pawel/.zotero/zotero/2felkxqq.default/zotero/storage/VBZUZ6X5/Trentowski B.F., Myślini czyli całokształt loiki narodowej. Tom 1, Poznań 1844.pdf:application/pdf},
}

@book{trentowski_chowanna_1842,
	address = {Poznań},
	title = {Chowanna czyli system pedagogiki narodowej jako umiejętności wychowania, nauki i oświaty, słowem wykształcenia naszej młodzieży. {T}. 1},
	copyright = {Dla wszystkich bez ograniczeń},
	language = {pl},
	publisher = {Księgarnia Nowa},
	author = {Trentowski, Bronisław Ferdynand},
	year = {1842},
	file = {Trentowski B.F., Chowanna czyli system pedagogiki narodowej jako umiejętności wychowania, nauki i oświaty, słowem wykształcenia naszej młodzieży. T. 1, Poznań 1842.djvu:/home/pawel/.zotero/zotero/2felkxqq.default/zotero/storage/HPE9RQCJ/Trentowski B.F., Chowanna czyli system pedagogiki narodowej jako umiejętności wychowania, nauki i oświaty, słowem wykształcenia naszej młodzieży. T. 1, Poznań 1842.djvu:image/vnd.djvu},
}

@book{trentowski_chowanna_1842-1,
	address = {Poznań},
	title = {Chowanna czyli system pedagogiki narodowej jako umiejętności wychowania, nauki i oświaty, słowem wykształcenia naszej młodzieży. {T}. 2},
	copyright = {Dla wszystkich bez ograniczeń},
	language = {pl},
	publisher = {Księgarnia Nowa},
	author = {Trentowski, Bronisław Ferdynand},
	year = {1842},
	file = {Trentowski B.F., Chowanna czyli system pedagogiki narodowej jako umiejętności wychowania, nauki i oświaty, słowem wykształcenia naszej młodzieży. T. 2, Poznań 1842.djvu:/home/pawel/.zotero/zotero/2felkxqq.default/zotero/storage/BUEH4F8K/Trentowski B.F., Chowanna czyli system pedagogiki narodowej jako umiejętności wychowania, nauki i oświaty, słowem wykształcenia naszej młodzieży. T. 2, Poznań 1842.djvu:image/vnd.djvu},
}

@book{kremer_wyklad_1849,
	address = {Kraków},
	title = {Wykład systematyczny filozofii obejmujący wszystkie jéj części w zarysie: {Tom} 1. {Fenomenologia}. {Logika}},
	shorttitle = {Wykład systematyczny filozofii obejmujący wszystkie jéj części w zarysie},
	language = {pl},
	publisher = {Nakładem Autora w Drukarni Uniwersytetu Jagiellońskiego},
	author = {Kremer, Józef},
	year = {1849},
	note = {Google-Books-ID: iuA2AQAAMAAJ},
	file = {Kremer-Wyklad_systematyczny_Filozofii.pdf:/home/pawel/.zotero/zotero/2felkxqq.default/zotero/storage/ZW3R8N58/Kremer-Wyklad_systematyczny_Filozofii.pdf:application/pdf},
}

@book{struve_zycie_1881,
	address = {Warszawa},
	title = {Życie i prace {Józefa} {Kremera} jako wstęp do jego dzieł},
	url = {http://dir.icm.edu.pl/Zycie_i_prace_Jozefa_Kremera/},
	language = {pl},
	urldate = {2017-09-19},
	publisher = {Nakład i druk S. Lewentala},
	author = {Struve, Henryk},
	year = {1881},
}

@article{kremer_rys_1835,
	title = {Rys filozoficzny umiejętności. {Część} {I}: {Zasada} logiki},
	volume = {1},
	language = {pl},
	number = {1},
	journal = {Kwartalnik Naukowy Wydawany w Połączeniu Prac Miłośników Umiejętności},
	author = {Kremer, Józef},
	year = {1835},
	pages = {44--63},
	file = {Kremer J., Rys filozoficzny umiejętności. Część I Zasada logiki, „Kwartalnik Naukowy Wydawany w Połączeniu Prac Miłośników Umiejętności”, t. 1, nr 1, 1835, ss. 44–63.pdf:/home/pawel/.zotero/zotero/2felkxqq.default/zotero/storage/ATUA73EB/Kremer J., Rys filozoficzny umiejętności. Część I Zasada logiki, „Kwartalnik Naukowy Wydawany w Połączeniu Prac Miłośników Umiejętności”, t. 1, nr 1, 1835, ss. 44.pdf:application/pdf},
}

@article{kremer_rys_1835-1,
	title = {Rys filozoficzny umiejętności. {Część} {II}: {Zasada} filozofii natury},
	volume = {1},
	language = {pl},
	number = {2},
	journal = {Kwartalnik Naukowy Wydawany w Połączeniu Prac Miłośników Umiejętności},
	author = {Kremer, Józef},
	year = {1835},
	pages = {205--254},
	file = {Kremer J., Rys filozoficzny umiejętności. Część II Zasada filozofii natury, „Kwartalnik Naukowy Wydawany w Połączeniu Prac Miłośników Umiejętności”, t. 1, nr 2, 1835, ss. 205–254.pdf:/home/pawel/.zotero/zotero/2felkxqq.default/zotero/storage/V52FS4SR/Kremer J., Rys filozoficzny umiejętności. Część II Zasada filozofii natury, „Kwartalnik Naukowy Wydawany w Połączeniu Prac Miłośników Umiejętności”, t. 1, nr 2, 1.pdf:application/pdf},
}

@book{libelt_filozofia_1845,
	address = {Poznań},
	edition = {1},
	title = {Filozofia i krytyka. {T}. 1},
	language = {pl},
	author = {Libelt, Karol},
	year = {1845},
}

@book{libelt_filozofia_1874,
	address = {Poznań},
	edition = {2},
	title = {Filozofia i krytyka. {T}. 1},
	url = {http://archive.org/details/filozofiaikrytyk01libe},
	language = {pl},
	urldate = {2017-07-19},
	publisher = {Nakładem Księgarni Jana Konstantego Żupańskiego},
	author = {Libelt, Karol},
	year = {1874},
}

@book{kraszewski_system_1862,
	address = {Bruksela},
	title = {System {Trentowskiego} treścią i rozbiorem analityki logicznej okazany. {Wydanie} nowe},
	language = {pl},
	publisher = {Z. Gerstmann},
	author = {Kraszewski, Józef Ignacy},
	year = {1862},
	note = {Google-Books-ID: htpbAAAAcAAJ},
	file = {Kraszewski J.I., System Trentowskiego treścią i rozbiorem analityki logicznej okazany. Wydanie nowe, Bruksela 1862.pdf:/home/pawel/.zotero/zotero/2felkxqq.default/zotero/storage/9UXGZWMH/Kraszewski J.I., System Trentowskiego treścią i rozbiorem analityki logicznej okazany. Wydanie nowe, Bruksela 1862.pdf:application/pdf},
}


@book{kraszewski_system_1847,
	address = {Lipsk},
	title = {System Trentowskiego, treścią i rozbiorem analytyki loicznej},
	publisher = {Księgarnia Zagraniczna (F.A. Brockhaus)},
	author = {Kraszewski, Józef Ignacy},
	year = {1847},
}

@book{murawski_philosophy_2014,
	address = {Basel},
	series = {Science networks and historical studies},
	title = {The {Philosophy} of {Mathematics} and {Logic} in the 1920s and 1930s in {Poland}},
	isbn = {978-3-0348-0831-6},
	abstract = {The aim of this book is to present and analyze philosophical conceptions concerning mathematics and logic as formulated by Polish logicians, mathematicians and philosophers in the 1920s and 1930s. It was a remarkable period in the history of Polish science, in particular in the history of Polish logic and mathematics. Therefore, it is justified to ask whether and to what extent the development of logic and mathematics was accompanied by a philosophical reflection. We try to answer those questions by analyzing both works of Polish logicians and mathematicians who have a philosophical temperament as well as their research practice. Works and philosophical views of the following Polish scientists will be analyzed: Wacław Sierpiński, Zygmunt Janiszewski, Stefan Mazurkiewicz, Stefan Banach Hugo Steinhaus, Eustachy Żylińsk and Leon Chwistek, Jan Łukasiewicz, Zygmunt Zawirski, Stanisław Leśniewski, Tadeusz Kotarbiński, Kazimierz Ajdukiewicz, Alfred Tarski, Andrzej Mostowski and Henryk Mehlberg, Jan Sleszyński, Stanisław Zaremba and Witold Wilkosz. To indicate the background of scientists being active in the 1920s and 1930s we consider in Chapter 1 some predecessors, in particular: Jan Śniadecki, Józef Maria Hoene-Wroński, Samuel Dickstein and Edward Stamm.},
	language = {en},
	number = {48},
	publisher = {Birkhäuser},
	author = {Murawski, Roman},
	year = {2014},
	note = {Google-Books-ID: sLVeBAAAQBAJ},
	keywords = {Geschichte, Logic - Poland - History - 20th century, Logic, Symbolic and mathematical - History - 20th century, Mathematics - Poland - History - 20th century, Mathematics / General, Mathematics / History \& Philosophy, Mathematics / Logic, Mathematik, Philosophy / History \& Surveys / General, Philosophy / Logic, Polen},
}

@article{murawski_philosophical_2004,
	title = {Philosophical reflection on mathematics in {Poland} in the interwar period},
	volume = {127},
	issn = {01680072},
	url = {http://linkinghub.elsevier.com/retrieve/pii/S0168007203001295},
	doi = {10.1016/j.apal.2003.11.026},
	language = {en},
	number = {1-3},
	urldate = {2017-07-20},
	journal = {Annals of Pure and Applied Logic},
	author = {Murawski, Roman},
	month = jun,
	year = {2004},
	pages = {325--337},
	file = {Murawski R., Philosophical reflection on mathematics in Poland in the interwar period, „Annals of Pure and Applied Logic”, t. 127, nr 1–3, 2004, ss. 325–337.pdf:/home/pawel/.zotero/zotero/2felkxqq.default/zotero/storage/IX5TNJEK/Murawski R., Philosophical reflection on mathematics in Poland in the interwar period, „Annals of Pure and Applied Logic”, t. 127, nr 1–3, 2004, ss. 325–337.pdf:application/pdf},
}

@article{wojcik_fenomen_2013,
	title = {Fenomen polskiej szkoły matematycznej a emigracja matematyków polskich w okresie {II} wojny światowej ({The} phenomenon of the {Polish} {School} of {Mathematics} and the emigration of {Polish} mathematicians during {World} {War} {II})},
	issn = {0867-8286},
	url = {http://zfn.edu.pl/index.php/zfn/article/view/57},
	language = {pl},
	number = {53},
	journal = {Zagadnienia Filozoficzne w Nauce (Philosophical Problems in Science)},
	author = {Wójcik, Wiesław},
	month = dec,
	year = {2013},
	pages = {11--52},
	file = {No 53 (2013):/home/pawel/.zotero/zotero/2felkxqq.default/zotero/storage/6A3UI3V6/showToc.html:text/html;nr 53 (2013):/home/pawel/.zotero/zotero/2felkxqq.default/zotero/storage/AQBDT3XN/showToc.html:text/html},
}

@incollection{libelt_filologia_1850,
	address = {Poznań},
	title = {Filologia, filozofia i matematyka,  uważane jako zasadnicze umiejętności naukowego wychowania},
	url = {https://books.google.pl/books?id=8KwwAAAAYAAJ},
	language = {pl},
	booktitle = {Pisma pomniejsze {Karola} {Libelta}. {Tom} {III}},
	publisher = {W Księgarni N. Kamieńskiego i Spółki},
	author = {Libelt, Karol},
	year = {1850},
	note = {Google-Books-ID: 8KwwAAAAYAAJ},
	pages = {223--282},
}

@article{libelt_filologia_1838,
	title = {Filologia, filozofia i matematyka,  uważane jako zasadnicze umiejętności naukowego wychowania},
	volume = {1, 2},
	copyright = {Biblioteka Uniwersytecka w Poznaniu},
	shorttitle = {Tygodnik {Literacki}},
	language = {pl},
	number = {17-20, 28-29, 13-16},
	journal = {Tygodnik Literacki: poświęcony literaturze, sztukom pięknym i krytyce},
	author = {Libelt, Karol},
	editor = {Woykowski, Antoni},
	year = {1838},
	pages = {131--132, 142--143, 147--148, 156, 219--221, 228, 101--102, 109--110, 117--118, 126--127},
}

@book{hoene-wronski_introduction_1811,
	address = {Paris},
	title = {Introduction à la philosophie des mathématiques, et technie de l'algorithmie},
	url = {https//catalog.hathitrust.org/Record/000165368},
	language = {fr},
	urldate = {2017-07-25},
	publisher = {Chez Courcier, Imprimeur-Libraire pour les Mathématiques},
	author = {Hoene-Wroński, Józef Maria},
	year = {1811},
	keywords = {Algorithms, mathematics, Philosophy},
	file = {Hoene-Wroński J.M., Introduction à la philosophie des mathématiques, et technie de l’algorithmie, Paris 1811.pdf:/home/pawel/.zotero/zotero/2felkxqq.default/zotero/storage/BTR9KZ3X/Hoene-Wroński J.M., Introduction à la philosophie des mathématiques, et technie de l’algorithmie, Paris 1811.pdf:application/pdf},
}

@book{hoene-wronski_philosophie_1814,
	address = {Paris},
	title = {Philosophie de l'infini, contenant des contreréflexions sur la métaphisique du calcul infinitésimal. {Par} {Hoëné} {Wronski}},
	copyright = {http://creativecommons.org/publicdomain/mark/1.0/},
	shorttitle = {Philosophie de l'infini},
	url = {http://archive.org/details/bub_gb_KLuy_Fz7waMC},
	language = {fr},
	urldate = {2017-07-25},
	publisher = {de l'imprimerie de P. Didot l'ainé},
	author = {Hoene-Wroński, Józef Maria},
	year = {1814},
	keywords = {bub\_upload},
	file = {Internet Archive Fulltext PDF:/home/pawel/.zotero/zotero/2felkxqq.default/zotero/storage/WWCWB475/Józef Maria Hoene Wronski - 1814 - Philosophie de l'infini, contenant des contreréfle.pdf:application/pdf},
}

@book{hoene-wronski_address_1820,
	title = {Address of {M}. {Hoene} {Wronski} to the {British} {Board} of {Longitude} upon the actual state of the mathematics, their reform and upon the new celestial mechanics, giving the definitive solution of the problem of longitude, tr. by {W}. {Gardiner}},
	shorttitle = {Address to the {British} {Board} of {Longitude}},
	language = {en},
	author = {Hoene-Wroński, Józef Maria},
	year = {1820},
	note = {Google-Books-ID: 5HhbAAAAQAAJ},
	file = {Wroński J.M.H., Address of M. Hoene Wronski to the British Board of Longitude upon the actual state of the mathematics, their reform and upon the new celestial mechanics.pdf:/home/pawel/.zotero/zotero/2felkxqq.default/zotero/storage/MJ9VRUH2/Wroński J.M.H., Address of M. Hoene Wronski to the British Board of Longitude upon the actual state of the mathematics, their reform and upon the new celestial mechanics.pdf:application/pdf},
}

@article{wagner_wronskis_2014,
	title = {Wronski’s {Infinities}},
	volume = {4},
	issn = {2152-5188, 2156-6240},
	url = {http://www.journals.uchicago.edu/doi/10.1086/675402},
	doi = {10.1086/675402},
	language = {en},
	number = {1},
	urldate = {2017-07-25},
	journal = {HOPOS: The Journal of the International Society for the History of Philosophy of Science},
	author = {Wagner, Roy},
	month = mar,
	year = {2014},
	pages = {26--61},
	file = {Wagner R., Wronski’s Infinities (draft).pdf:/home/pawel/.zotero/zotero/2felkxqq.default/zotero/storage/NCWRR667/Wagner R., Wronski’s Infinities (draft).pdf:application/pdf},
}


@article{wagner_2012,
	title = {Infinity metaphors, idealism, and the applicability of mathematics},
	journal = {Iyyun: The Jerusalem Philosophical Quarterly},
	volume = {61},
	author = {Wagner, Roy},
	year = {2012},
	pages = {129--147},
}


@article{wagner_wronskis_2016,
	title = {Wronski's {Foundations} of {Mathematics}},
	volume = {29},
	issn = {0269-8897, 1474-0664},
	url = {https://www.cambridge.org/core/journals/science-in-context/article/wronskis-foundations-of-mathematics/FB869BE806F705CD4B0C5688BD50F78C},
	doi = {10.1017/S0269889716000077},
	abstract = {Argument
This paper reconstructs Wronski's philosophical foundations of mathematics. It uses his critique of Lagrange's algebraic analysis as a vignette to introduce the problems that he raised, and argues that these problems have not been properly appreciated by his contemporaries and subsequent commentators. The paper goes on to reconstruct Wronski's mathematical law of creation and his notions of theory and techne, in order to put his objections to Lagrange in their philosophical context. Finally, Wronski's proof of his universal law (the expansion of a given function by any series of functions) is reviewed in terms of the above reconstruction. I argue that Wronski's philosophical approach poses an alternative to the views of his contemporary mainstream mathematicians, which brings up the contingency of their choices, and bridges the foundational concerns of early modernity with those of the twentieth-century foundations crisis. I also argue that Wronski's views may be useful to contemporary philosophy of mathematical practice, if they are read against their metaphysical grain.},
	number = {3},
	urldate = {2017-07-25},
	journal = {Science in Context},
	author = {Wagner, Roy},
	month = sep,
	year = {2016},
	pages = {241--271},
	file = {Snapshot:/home/pawel/.zotero/zotero/2felkxqq.default/zotero/storage/8EZMHD2S/FB869BE806F705CD4B0C5688BD50F78C.html:text/html},
}

@incollection{pragacz_notes_2007,
	address = {Basel},
	series = {Trends in {Mathematics}},
	title = {Notes on the {Life} and {Work} of {Józef} {Maria} {Hoene}-{Wroński}},
	isbn = {978-3-7643-8536-1 978-3-7643-8537-8},
	url = {https://link.springer.com/chapter/10.1007/978-3-7643-8537-8_1},
	abstract = {This article is about Hoene-Wroński (1776–1853), one of the most original figures in the history of science. It was written on the basis of two talks delivered by the author during the session of Impanga “A tribute to Józef Hoene-Wroński”1, which took place on January 12 and 13, 2007 in the Institute of Mathematics of the Polish Academy of Sciences in Warsaw.},
	language = {en},
	urldate = {2017-07-25},
	booktitle = {Algebraic {Cycles}, {Sheaves}, {Shtukas}, and {Moduli}},
	publisher = {Birkhäuser},
	author = {Pragacz, Piotr},
	year = {2007},
	doi = {10.1007/978-3-7643-8537-8_1},
	pages = {1--20},
	file = {Pragacz P., Notes on the Life and Work of Józef Maria Hoene-Wroński, Algebraic Cycles, Sheaves..., Basel 2007, ss. 1–20.pdf:/home/pawel/.zotero/zotero/2felkxqq.default/zotero/storage/M4GGHK9X/Pragacz P., Notes on the Life and Work of Józef Maria Hoene-Wroński, Algebraic Cycles, Sheaves..., Basel 2007, ss. 1–20.pdf:application/pdf;Snapshot:/home/pawel/.zotero/zotero/2felkxqq.default/zotero/storage/PXGVD33G/10.html:text/html},
}

@incollection{jadacki_warsaw:_1997,
	address = {Amsterdam; Atlanta, GA},
	series = {Poznań studies in the philosophy of the sciences and the humanities},
	title = {Warsaw: {The} {Rise} and {Decline} of {Modern} {Scientific} {Philosophy} in the {Capital} {City} of {Poland}},
	isbn = {978-90-420-0201-2},
	language = {en},
	number = {54},
	booktitle = {In itinere: {European} cities and the birth of modern scientific philosophy},
	publisher = {Rodopi},
	author = {Jadacki, Jacek Juliusz},
	editor = {Poli, Roberto},
	year = {1997},
	note = {OCLC: 833034666},
	keywords = {Geschichte 1800-1945, Italien, Mitteleuropa, Philosophie, Stadt},
	pages = {145--160},
	file = {Jadacki.pdf:/home/pawel/.zotero/zotero/2felkxqq.default/zotero/storage/8AGCHAGZ/Jadacki.pdf:application/pdf},
}

@book{libelt_wyklad_1844,
	address = {Poznań},
	title = {Wykład matematyki dla szkół gimnazyalnych},
	volume = {1-2},
	url = {http://www.wbc.poznan.pl/Content/119903},
	language = {pl},
	publisher = {Nakładem i drukiem N. Kamieńskiego i Spółki},
	author = {Libelt, Karol},
	year = {1844},
	note = {http://www.wbc.poznan.pl/Content/119976},
}

@incollection{polak_rola_2017,
	address = {Kraków},
	title = {Rola {Stefana} {Z}. {Pawlickiego} (1839–1916) w kształtowaniu się krakowskiego ośrodka filozofii przyrody},
	isbn = {978-83-7886-349-6},
	language = {pl},
	booktitle = {Oblicza filozofii w nauce: księga pamiątkowa z okazji 80. urodzin {Michała} {Hellera}},
	publisher = {Copernicus Center Press},
	author = {Polak, Paweł},
	editor = {Polak, Paweł and Mączka, Janusz and Grygiel, Wojciech P.},
	year = {2017},
	note = {2.3 arkusza},
	pages = {85--132},
	file = {Polak - 2017 - Rola Stefana Z. Pawlickiego (1839–1916) w kształto.pdf:/home/pawel/.zotero/zotero/2felkxqq.default/zotero/storage/WUSNQBJA/Polak - 2017 - Rola Stefana Z. Pawlickiego (1839–1916) w kształto.pdf:application/pdf},
}

@book{kochanski_korespondencja_2005,
	address = {Kraków},
	series = {Źródła do {Dziejów} {Kultury}. {Kroniki} i {Listy}},
	title = {Korespondencja {Adama} {Adamandego} {Kochańskiego} {SJ} (1657--1699)},
	isbn = {978-83-89631-32-9 978-83-7318-532-6},
	language = {pl en fr de lat},
	number = {nr 1},
	publisher = {Wyższa Szkoła Filozoficzno-Pedagogiczna "Ignatianum" : Wydawnictwo WAM},
	author = {Kochański, Adam Adamandy},
	editor = {Lisiak, Bogdan and Grzebień, Ludwik},
	year = {2005},
	keywords = {17 w, Europa, Kochański, Adam, korespondencja, Polska, źródła, życie intelektualne},
}

@misc{leo_xiii_aeterni_1879,
	title = {Aeterni {Patris}: {Encyclical} of {Pope} {Leo} {XIII} on the {Restoration} of {Christian} {Philosophy}},
	shorttitle = {Aeterni {Patris}},
	url = {http://w2.vatican.va/content/leo-xiii/en/encyclicals/documents/hf_l-xiii_enc_04081879_aeterni-patris.html},
	language = {en},
	urldate = {2019-04-16},
	author = {{Leo XIII}},
	month = aug,
	year = {1879},
	file = {Aeterni Patris (August 4, 1879) | LEO XIII:/home/pawel/.zotero/zotero/2felkxqq.default/zotero/storage/7SX2TTCC/hf_l-xiii_enc_04081879_aeterni-patris.html:text/html},
}

@book{kochanski_korespondencja_2019,
	address = {Warszawa},
	title = {Korespondencja {Adama} {Adamandego} {Kochańskiego} i {Gottrieda} {Wilhelma} {Leibniza} z lat 1670--1698},
	isbn = {978-83-66104-12-9},
	language = {pl},
	publisher = {Muzeum Pałacu Króla Jana III w Wilanowie},
	author = {Kochański, Adam Adamandy and Leibniz, Gottfried Wilhelm},
	translator = {Sieńko, Dorota},
	year = {2019},
}

@article{polak_philosophy_2019,
	title = {Philosophy in science: {A} name with a long intellectual tradition},
	copyright = {Copyright (c) 2019 Philosophical Problems in Science (Zagadnienia Filozoficzne w Nauce)},
	issn = {2451-0602},
	shorttitle = {Philosophy in science},
	url = {https://zfn.edu.pl/index.php/zfn/article/view/472},
	language = {en},
	number = {66},
	urldate = {2021-10-06},
	journal = {Philosophical Problems in Science (Zagadnienia Filozoficzne w Nauce)},
	author = {Polak, Paweł},
	month = jul,
	year = {2019},
	keywords = {analytic philosophy, interdisciplinary research, Lvov-Warsaw School, metaphilosophy, Michael Heller, non-foundational philosophy, philosophy in science, science and religion},
	pages = {251--270},
	file = {Full Text PDF:/home/pawel/.zotero/zotero/2felkxqq.default/zotero/storage/3IREDLYF/Polak - 2019 - Philosophy in science A name with a long intellec.pdf:application/pdf;Snapshot:/home/pawel/.zotero/zotero/2felkxqq.default/zotero/storage/P6IFY9YK/472.html:text/html},
}

@article{polak_nauka_2019,
	title = {Nauka w oczach erudytów},
	copyright = {Copyright (c) 2019 Zagadnienia Filozoficzne w Nauce},
	issn = {2451-0602},
	url = {https://zfn.edu.pl/index.php/zfn/article/view/487},
	language = {pl},
	number = {66},
	urldate = {2019-09-23},
	journal = {Philosophical Problems in Science (Zagadnienia Filozoficzne w Nauce)},
	author = {Polak, Paweł},
	month = jul,
	year = {2019},
	keywords = {correspondence, history of science, Kochański Adam Adamandy, Leibniz Gottfried Wilhelm, philosophy of science},
	pages = {305--309},
	file = {Full Text PDF:/home/pawel/.zotero/zotero/2felkxqq.default/zotero/storage/4JTI2B4Y/Polak - 2019 - Nauka w oczach erudytów.pdf:application/pdf;Snapshot:/home/pawel/.zotero/zotero/2felkxqq.default/zotero/storage/RLUCMME9/487.html:text/html},
}

@article{heller_how_2019,
	title = {How is philosophy in science possible?},
	copyright = {Copyright (c) 2019 Philosophical Problems in Science (Zagadnienia Filozoficzne w Nauce)},
	issn = {2451-0602},
	url = {https://zfn.edu.pl/index.php/zfn/article/view/482},
	language = {en},
	number = {66},
	urldate = {2021-10-06},
	journal = {Philosophical Problems in Science (Zagadnienia Filozoficzne w Nauce)},
	author = {Heller, Michał},
	month = jul,
	year = {2019},
	keywords = {analytic philosophy, interdisciplinary research, metaphilosophy, philosophy in science, philosophy of science, science and religion},
	pages = {231--249},
	file = {Full Text PDF:/home/pawel/.zotero/zotero/2felkxqq.default/zotero/storage/VWQTWUF7/Heller - 2019 - How is philosophy in science possible.pdf:application/pdf;Full Text PDF:/home/pawel/.zotero/zotero/2felkxqq.default/zotero/storage/9M7EMIP3/Heller - 2019 - How is philosophy in science possible.pdf:application/pdf;Snapshot:/home/pawel/.zotero/zotero/2felkxqq.default/zotero/storage/7ABMVCJG/482.html:text/html},
}

@book{tatarkiewicz_jakiej_1970,
	address = {Warszawa},
	series = {Biblioteka {Klasyków} {Filozofii}. {Pisarze} {Polscy}},
	title = {Jakiej filozofii {Polacy} potrzebują},
	language = {pl},
	publisher = {Państwowe Wydawnictwo Naukowe},
	editor = {Tatarkiewicz, Władysław},
	year = {1970},
	keywords = {19 w, antologie, Filozofia, Polska, Prace zebrane [Typ publikacji]},
}

@book{straszewski_jan_1875,
	address = {Kraków},
	title = {Jan {Śniadecki}: jego stanowisko w dziejach oświaty i filozofii w {Polsce}},
	language = {pl},
	publisher = {Akademia Umiejętności w Krakowie},
	author = {Straszewski, Maurycy},
	year = {1875},
}

@book{jaworski_z_1997,
	address = {Kraków},
	series = {Biblioteka "{Końca} {Wieku}"},
	title = {Z dziejów filozofii w {Polsce} 1804-1817: {M}. {W}. {Voigt}, {F}.~{Jaroński}, {J}. {Sołtykowicz}, {F}. {Wigura}},
	isbn = {978-83-85827-23-8},
	shorttitle = {Z dziejów filozofii w {Polsce} 1804--1817},
	publisher = {"Abrys"},
	author = {Jaworski, Wit},
	year = {1997},
	keywords = {19 w, biografie, Filozofia, Filozofowie, Polska},
}

@article{roskal_jana_1994,
	title = {Jana {Śniadeckiego} filozofia matematyki},
	volume = {42},
	issn = {0035-7685},
	url = {https://www.jstor.org/stable/43409629},
	abstract = {The article critically discusses philosophical views of Jan Śniadecki — a well known Polish mathematician and philosopher of the eighteenth century. The paper presents, first of all, some examples to illustrate in specific and selected details of the theory of mathematical knowledge of Jan Śniadecki. Altough mathematical apriorism has been — and continues to be — an extremely popular doctrine, it has not gone completely unquestioned. J. S. Mill attempted to argue that mathematics is an empirical science. More recently I. Lakatos, P. Kitcher and R. Torretti, in different ways, challenged the apriorist thesis. The intent of the article is to identify, as clearly as possible, those elements in ontology and epistemology of mathematics of Jan Śniadecki that are common in their approach to the philosophy of mathematics. The contention is that these elements constitute evidence of a shared conception of mathematical empirism, that is significantly different from the modern one.},
	language = {pl},
	number = {3},
	urldate = {2021-10-26},
	journal = {Roczniki Filozoficzne / Annales de Philosophie / Annals of Philosophy},
	author = {Roskal, Zenon Eugeniusz},
	year = {1994},
	note = {Publisher: [John Paul II Catholic University of Lublin President Vice-Rector, rev. prof. dr. hab. Andrzej Derdziuk, John Paul II Catholic University of Lublin, Faculty of Philosophy, Learned Society of the John Paul II Catholic University of Lublin President, rev. prof. dr hab. Augustyn Eckmann, Learned Society of the John Paul II Catholic University of Lublin]},
	pages = {23--34},
	file = {JANA ŚNIADECKIEGO FILOZOFIA MATEMATYKI.pdf:/home/pawel/.zotero/zotero/2felkxqq.default/zotero/storage/ACJH8YJF/JANA ŚNIADECKIEGO FILOZOFIA MATEMATYKI.pdf:application/pdf},
}

@book{zochowski_filozofia_1845,
	title = {Filozofia serca czyli mądrość praktyczna},
	address = {Warszawa},
	publisher = {Nakładem Augusta Emanuela Glücksberga, Księgarza},
	language = {pl},
	author = {Żochowski, Józef},
	year = {1845},
	note = {Google-Books-ID: 9ypcAAAAcAAJ},
	file = {Żochowski - 1845 - Filozofia serca czyli mądrośé praktyczna.pdf:/home/pawel/.zotero/zotero/2felkxqq.default/zotero/storage/MUJ2VN8F/Żochowski - 1845 - Filozofia serca czyli mądrośé praktyczna.pdf:application/pdf},
}

@book{zochowski_fizyka_1841,
	address = {Warszawa},
	title = {Fizyka {T}.1},
	language = {pl},
	publisher = {J. Kaczanowski},
	author = {Żochowski, Józef},
	year = {1841},
	file = {Żochowski - 1841 - Fizyka T.1.pdf:/home/pawel/.zotero/zotero/2felkxqq.default/zotero/storage/N4SU6R8C/Żochowski - 1841 - Fizyka T.1.pdf:application/pdf},
}

@book{zochowski_fizyka_1842,
	address = {Warszawa},
	title = {Fizyka {T}.2},
	language = {pl},
	publisher = {J. Kaczanowski},
	author = {Żochowski, Józef},
	year = {1842},
	file = {Żochowski - 1842 - Fizyka T.2.pdf:/home/pawel/.zotero/zotero/2felkxqq.default/zotero/storage/KFJMBCK2/Żochowski - 1842 - Fizyka T.2.pdf:application/pdf},
}

@book{morawski_filozofia_1877,
	address = {Lwów},
	title = {Filozofia i jej zadanie},
	language = {pl},
	publisher = {Nakł. Autora w Drukarni Ludowej},
	author = {Morawski, Marian Ignacy},
	year = {1877},
	file = {content.pdf:/home/pawel/.zotero/zotero/2felkxqq.default/zotero/storage/4Z93P5LV/content.pdf:application/pdf},
}

@book{morawski_filozofia_1899,
	address = {Kraków},
	edition = {Wyd. 3, niezm},
	title = {Filozofia i jej zadanie},
	language = {pl},
	publisher = {Spółka Wydawnicza Polska},
	author = {Morawski, Marian Ignacy},
	year = {1899},
	keywords = {Filozofia, historia},
	file = {Ks_Marian_Morawski_Filozofia_i_jej_zadanie_Krakow_1899.djvu:/home/pawel/.zotero/zotero/2felkxqq.default/zotero/storage/46LLV9D7/Ks_Marian_Morawski_Filozofia_i_jej_zadanie_Krakow_1899.djvu:image/vnd.djvu},
}

@book{morawski_celowosc_1887,
	address = {Kraków},
	title = {Celowość w naturze: studyum przyrodniczo-filozoficzne},
	shorttitle = {Celowość w naturze},
	publisher = {Druk Wł. L. Anczyca i Spółki},
	author = {Morawski, Marian Ignacy},
	year = {1887},
	keywords = {Celowość},
	file = {Morawski - 1887 - Celowość w naturze studyum przyrodniczo-filozofic.pdf:/home/pawel/.zotero/zotero/2felkxqq.default/zotero/storage/SI9DZTF9/Morawski - 1887 - Celowość w naturze studyum przyrodniczo-filozofic.pdf:application/pdf},
}

@book{morawski_celowosc_1891,
	address = {Kraków},
	edition = {Wydanie drugie przerobione},
	title = {Celowość w naturze: studyum przyrodniczo-filozoficzne},
	shorttitle = {Celowość w naturze},
	publisher = {Druk Wł. L. Anczyca i Spółki},
	author = {Morawski, Marian Ignacy},
	year = {1891},
	keywords = {Celowość},
	file = {Morawski - 1891 - Celowość w naturze studyum przyrodniczo-filozofic.pdf:/home/pawel/.zotero/zotero/2felkxqq.default/zotero/storage/RIYTQ4UD/Morawski - 1891 - Celowość w naturze studyum przyrodniczo-filozofic.pdf:application/pdf},
}

@article{libelt_filozofia_1842,
	title = {Filozofia sztuk pięknych},
	volume = {4},
	journal = {Biblioteka Warszawska},
	author = {Libelt, Karol},
	year = {1842},
	pages = {62--109},
	file = {Libelt - 1842 - Filozofia sztuk pięknych.pdf:/home/pawel/.zotero/zotero/2felkxqq.default/zotero/storage/EDZ2ZS27/Libelt - 1842 - Filozofia sztuk pięknych.pdf:application/pdf},
}

@incollection{pulte_j_2013,
	address = {Dordrecht},
	series = {Boston {Studies} in the {Philosophy} and {History} of {Science}},
	title = {J. {F}. {Fries}’ {Philosophy} of {Science}, the {New} {Friesian} {School} and the {Berlin} {Group}: {On} {Divergent} {Scientific} {Philosophies}, {Difficult} {Relations} and {Missed} {Opportunities}},
	isbn = {978-94-007-5485-0},
	shorttitle = {J. {F}. {Fries}’ {Philosophy} of {Science}, the {New} {Friesian} {School} and the {Berlin} {Group}},
	url = {https://doi.org/10.1007/978-94-007-5485-0_3},
	abstract = {Jakob Friedrich Fries (1773–1843) was the most prolific German philosopher of science in the nineteenth century who strived to synthesize Kant’s philosophical foundation of science and mathematics and the needs or practised science and mathematics in order to gain more comprehensive conceptual frameworks and greater methodological flexibility for those two disciplines. His original contributions anticipated later developments, to some extent, though they received comparatively little notice in the later course of the nineteenth century—a fate which partly can be explained by the unfortunate development of the so-called ‘First Friesian School,’ founded by E. F. Apelt, M. J. Schleiden and O. X. Schlömilch. This situation changed temporarily when Leonard Nelson (1882–1927) arrived on the philosophical stage and founded a second, so-called, ‘New Friesian School’ in 1903. In the following two decades, Fries’ specific transformation of Kantian philosophy gained influence within the vigorous discussions about ‘new’ foundations of mathematics and, thus, also played a role within the Berlin Group surrounding Hans Reichenbach, though his work had no direct impact on the philosophy of physics being expounded therein.This essay will first outline some characteristics of Fries’ development of the Kantian approach. Then it will point out the limited impact of the ‘New Friesian School’ on the Berlin Group, while highlighting some missed chances for fruitful exchange. As the originality of this school and its importance for the development of logic and philosophy of mathematics—by and large merits of its early members Walter Dubislav and Kurt Grelling —is dealt with in separate chapters of this volume, and elsewhere, this article will focus on what Fries called the ‘mathematical philosophy of nature’ (i. e. the philosophical foundations of physics). More specifically, it will show how the New Friesian School reacted to Einstein’s theories of relativity, in a way that contrasts with the approach of the Berlin Group. This discussion about relativity will also be used to reveal different understandings of the nature of ‘scientific philosophy’ in general, as well as different models of how philosophy and the empirical sciences should interact.},
	language = {en},
	urldate = {2021-11-02},
	booktitle = {The {Berlin} {Group} and the {Philosophy} of {Logical} {Empiricism}},
	publisher = {Springer Netherlands},
	author = {Pulte, Helmut},
	editor = {Milkov, Nikolay and Peckhaus, Volker},
	year = {2013},
	doi = {10.1007/978-94-007-5485-0_3},
	keywords = {Absolute Space, Academic Philosophy, Empirical Science, Exact Science, Rational Induction},
	pages = {43--66},
	file = {Springer Full Text PDF:/home/pawel/.zotero/zotero/2felkxqq.default/zotero/storage/YSYDBPM6/Pulte - 2013 - J. F. Fries’ Philosophy of Science, the New Friesi.pdf:application/pdf},
}

@book{rzesinski_w_1837,
	address = {Kraków},
	title = {W. {B}. {Tennemanna} rys historyi filozofii. {Według} przerobienia {A}. {Wendta}. {Tom2}: {Historya} filozofii nowożytnej},
	shorttitle = {W. {B}. {Tennemanna} rys historyi... {Tom} 2},
	language = {pl},
	publisher = {Red. Kwartalnik Nauk.},
	author = {Rzesiński, Jan Kanty Hieronim Stefan},
	year = {1837},
	file = {Rzesiński - 1837 - W. B. Tennemanna rys historyi filozofii. Według pr.pdf:/home/pawel/.zotero/zotero/2felkxqq.default/zotero/storage/R2WQAC8H/Rzesiński - 1837 - W. B. Tennemanna rys historyi filozofii. Według pr.pdf:application/pdf},
}

@incollection{noauthor_fries_1862,
	address = {Warszawa},
	title = {Fries ({Jakób} {Fryderyk})},
	language = {pl},
	booktitle = {Encyklopedyja powszechna. {Tom} 9: {Flem}.-{Glin}},
	publisher = {Nakład, druk i własność S. Orgelbranda},
	year = {1862},
	pages = {327},
	file = {Fries.png:/home/pawel/.zotero/zotero/2felkxqq.default/zotero/storage/S2DN8KLY/Fries.png:image/png},
}

@book{wiszniewski_bakona_1834,
	address = {Kraków},
	title = {Bakona metoda tłumaczenia {Natury}, którą {M}.~{W}.~wyłożył i~przydał wiadomość {Sędziwoju} {Alchimiku} {Polskim}},
	language = {pl},
	publisher = {Nakł. Autora, drukiem D.E. Friedleina księgarza},
	author = {Wiszniewski, Michał},
	year = {1834},
	note = {Google-Books-ID: IO4PVV\_IIokC},
	file = {Wiszniewski - 1834 - Bakona metoda tłumaczenia Natury, którą M. W. wyło.pdf:/home/pawel/.zotero/zotero/2felkxqq.default/zotero/storage/9HX46R4S/Wiszniewski - 1834 - Bakona metoda tłumaczenia Natury, którą M. W. wyło.pdf:application/pdf},
}

@book{tyszynski_rozbiory_1854,
	address = {Petersburg},
	title = {Rozbiory i krytyki},
	language = {pl},
	publisher = {B.M. Wolff},
	author = {Tyszyński, Aleksander},
	year = {1854},
	note = {Google-Books-ID: jixpAAAAcAAJ},
	file = {Tyszyński - 1854 - Rozbiory i krytyki.pdf:/home/pawel/.zotero/zotero/2felkxqq.default/zotero/storage/IRHCENPN/Tyszyński - 1854 - Rozbiory i krytyki.pdf:application/pdf},
}

@book{jaronski_o_1812,
	address = {Kraków},
	title = {O filozofii},
	language = {pl},
	publisher = {Drukarnia Akademicka},
	author = {Jaroński, Felix},
	year = {1812},
}

@article{ziemba_jan_1872,
	title = {Jan {Śniadecki} na polu filozofii},
	volume = {XX (XLIII)},
	language = {pl},
	journal = {Rocznik Towarzystwa Naukowego z Uniwersytetem Krakowskim Połączonego},
	author = {Ziemba, Teofil},
	year = {1872},
	pages = {172--239},
	file = {Ziemba - 1872 - Jan Śniadecki na polu filozofii.pdf:/home/pawel/.zotero/zotero/2felkxqq.default/zotero/storage/CY6BM6KK/Ziemba - 1872 - Jan Śniadecki na polu filozofii.pdf:application/pdf},
}

@book{jarkowski_mowa_1805,
	address = {Poczajów},
	title = {Mowa {Woyciecha} {Jarkowskiego} do uczniów przy rozpoczęciu kursu w dniu 2. miesiąca października 1805 roku w {Krzemieńcu} miana},
	url = {https://polona.pl/item/mowa-woyciecha-jarkowskiego-do-uczniow-przy-rozpoczeciu-kursu-w-dniu-2-miesiaca,OTI5MDQwMDE/},
	language = {pl},
	urldate = {2021-11-04},
	author = {Jarkowski, Wojciech},
	year = {1805},
	file = {Jarkowski - 1805 - Mowa Woyciecha Jarkowskiego do uczniów przy rozpoc.pdf:/home/pawel/.zotero/zotero/2felkxqq.default/zotero/storage/NRI8ZBX3/Jarkowski - 1805 - Mowa Woyciecha Jarkowskiego do uczniów przy rozpoc.pdf:application/pdf},
}

@article{noauthor_nowiny_1845,
	title = {Nowiny},
	language = {pl},
	journal = {Przegląd Naukowy Literaturze, Wiedzy i Umnictwu Poświęcony},
	year = {1845},
	note = {Google-Books-ID: 4vdIAAAAcAAJ},
}

@book{majorkiewicz_historya_1847,
	title = {Historya, literatura i krytyka},
	language = {pl},
	publisher = {W druk. Kommissyi Rządowej Sprawiedliwości},
	author = {Majorkiewicz, Jan},
	year = {1847},
	note = {Google-Books-ID: \_x4PAAAAIAAJ},
}

@book{bielinski_stan_1890,
	address = {Warszawa},
	title = {Stan nauk matematyczno-fizycznych za czasów wszechnicy wileńskiej},
	language = {pl},
	publisher = {Druk. J. Sikorski},
	author = {Bieliński, Józef},
	year = {1890},
	file = {Bieliński J., Stan nauk matematyczno-fizycznych za czasów wszechnicy wileńskiej, Warszawa 1890.djvu:/home/pawel/.zotero/zotero/2felkxqq.default/zotero/storage/592MRGPH/Bieliński J., Stan nauk matematyczno-fizycznych za czasów wszechnicy wileńskiej, Warszawa 1890.djvu:image/vnd.djvu},
}

@article{krusinski_o_1806,
	title = {O sposobach pożytecznego uczenia się nauk matematycznych},
	volume = {4},
	number = {11},
	journal = {Dziennik Wileński},
	author = {Krusinski, Jacek},
	year = {1806},
	pages = {44--85},
	file = {Krusinski - 1806 - O sposobach pożytecznego uczenia się nauk matematy.pdf:/home/pawel/.zotero/zotero/2felkxqq.default/zotero/storage/78DVP4EK/Krusinski - 1806 - O sposobach pożytecznego uczenia się nauk matematy.pdf:application/pdf},
}

@article{polak_mathematics_2021,
	title = {Mathematics and metaphysics: {Romantic} period of {Polish} philosophy of mathematics heritage},
	copyright = {Copyright (c) 2021 Zagadnienia Filozoficzne w Nauce},
	issn = {2451-0602},
	language = {pl},
	number = {71},
	journal = {Philosophical Problems in Science (Zagadnienia Filozoficzne w Nauce)},
	author = {Polak, Paweł},
	year = {2021},
	keywords = {philosophy of informatics, virtual entities, virtuality},
	pages = {??--??},
}
