
@article{sarosiek_odmiennosc_2018,
	title = {Odmienność zwierzęcej inteligencji},
	copyright = {Copyright (c) 2018 Zagadnienia Filozoficzne w Nauce},
	issn = {2451-0602},
	url = {https://zfn.edu.pl/index.php/zfn/article/view/455},
	language = {pl},
	number = {65},
	urldate = {2019-08-30},
	journal = {Philosophical Problems in Science (Zagadnienia Filozoficzne w Nauce)},
	author = {Sarosiek, Anna},
	month = dec,
	year = {2018},
	keywords = {animal intelligence, cognitive science, mind},
	pages = {220--225},
	file = {Full Text PDF:/home/pawel/.zotero/zotero/2felkxqq.default/zotero/storage/NVVSYP6J/Sarosiek - 2018 - Odmienność zwierzęcej inteligencji.pdf:application/pdf;Snapshot:/home/pawel/.zotero/zotero/2felkxqq.default/zotero/storage/ZHIT283Q/455.html:text/html},
}

@book{waal_bystre_2016,
	address = {Kraków},
	title = {Bystre zwierzę: czy jesteśmy dość mądrzy, aby zrozumieć mądrość zwierząt?},
	shorttitle = {Bystre zwierzę},
	language = {pl},
	publisher = {Copernicus Center Press},
	author = {Waal, Frans B. M. de},
	translator = {Lamża, Łukasz},
	year = {2016},
}

@book{waal_malpa_2015,
	address = {Kraków},
	title = {Małpa w każdym z nas: dlaczego seks, przemoc i~życzliwość są częścią natury człowieka?},
	isbn = {978-83-7886-306-9},
	shorttitle = {Małpa w każdym z nas},
	language = {Polish},
	publisher = {Copernicus Center Press},
	author = {Waal, Frans B. M. de},
	translator = {Kornas, Krzysztof},
	year = {2015},
}

@book{waal_malpy_2013,
	address = {Kraków},
	title = {Małpy i filozofowie: {skąd} pochodzi moralność?},
	isbn = {978-83-7886-030-3},
	shorttitle = {Małpy i filozofowie},
	language = {Polish},
	publisher = {Copernicus Center Press},
	author = {Waal, Frans B. M. de},
	translator = {Brożek, Bartosz and Furman, Michał},
	year = {2013},
}

@book{waal_bonobo_2014,
	address = {Kraków},
	title = {Bonobo i ateista: w poszukiwaniu humanizmu wśród naczelnych},
	isbn = {978-83-7886-086-0},
	shorttitle = {Bonobo i ateista},
	language = {Polish},
	publisher = {Copernicus Center Press},
	author = {Waal, Frans B. M. de},
	translator = {Kornas, Krzysztof},
	year = {2014},
}

@book{waal_wiek_2019,
	address = {Kraków},
	title = {Wiek empatii: {jak} natura uczy nas życzliwości},
	isbn = {978-83-7886-419-6},
	shorttitle = {Wiek empatii},
	language = {pl},
	publisher = {Copernicus Center Press},
	author = {Waal, Frans B. M. de},
	translator = {Lamża, Łukasz},
	year = {2019},
	note = {OCLC: 1088994501},
}

@incollection{solomon_filozofia_2005,
	address = {Gdańsk},
	edition = {1},
	title = {Filozofia emocji},
	isbn = {978-83-89574-62-6},
	language = {pl},
	booktitle = {Psychologia emocji},
	publisher = {Gdańskie Wydaw. Psychologiczne},
	author = {Solomon, Robert C.},
	editor = {Lewis, Michael and Haviland-Jones, Jeannette M.},
	translator = {Kacmajor, Magdalena},
	year = {2005},
	keywords = {aspekt społeczny, podręczniki akademickie, Emocje},
	pages = {19-34},
}

@book{waal_ostatni_2019,
	address = {Kraków},
	edition = {1},
	title = {Ostatni uścisk {Mamy}: emocje zwierząt i co one mówią o nas samych},
	isbn = {978-83-7886-449-3},
	shorttitle = {Ostatni uścisk mamy},
	language = {pl},
	publisher = {Copernicus Center Press},
	author = {Waal, Frans B. M. de},
	translator = {Kosarzycki, Radosław},
	year = {2019},
	keywords = {zwyczaje i zachowania, Emocje u zwierząt, Szympansy},
}

@book{marek_aureliusz_rozmyslania_2003,
	address = {Kęty},
	edition = {2},
	series = {Biblioteka {Europejska}},
	title = {Rozmyślania},
	isbn = {978-83-88524-77-6},
	language = {pl},
	publisher = {Wydawnictwo Antyk},
	author = {{Marek Aureliusz}},
	translator = {Reiter, Marian},
	year = {2003},
	keywords = {krytyka i interpretacja, Etyka, dzieła przed 1800, Marek Aureliusz, Stoicy},
}

@article{glos_negative_2017,
	title = {Negative {Emotions} and {Rationality} of {Decision}-{Making}},
	url = {https://zfn.edu.pl/index.php/zfn/article/view/365},
	language = {en},
	number = {60},
	urldate = {2021-12-17},
	journal = {Philosophical Problems in Science (Zagadnienia Filozoficzne w Nauce)},
	author = {Głos, Aleksandra and Załuski, Wojciech},
	month = oct,
	year = {2017},
	pages = {7--33},
	file = {Full Text PDF:/home/pawel/.zotero/zotero/2felkxqq.default/zotero/storage/T4CGGITI/2017 - Negative Emotions and Rationality of Decision-Maki.pdf:application/pdf},
}

@article{cygan_empatia_2019,
	title = {Empatia w służbie ludzkości},
	url = {https://zfn.edu.pl/index.php/zfn/article/view/485},
	number = {67},
	journal = {Philosophical Problems in Science (Zagadnienia Filozoficzne w Nauce)},
	author = {Cygan, Milena},
	month = nov,
	year = {2019},
	pages = {269--281},
	file = {Full Text PDF:/home/pawel/.zotero/zotero/2felkxqq.default/zotero/storage/JZDEXW8C/2019 - Empatia w służbie ludzkości  Zagadnienia Filozofi.pdf:application/pdf},
}
