
@incollection{heller_czy_2006,
	address = {Kraków},
	title = {Czy świat jest matematyczny?},
	isbn = {83-242-0542-X},
	language = {pl},
	booktitle = {Filozofia i wszechświat: wybór pism},
	publisher = {TAiWPN UNIVERSITAS},
	author = {Heller, Michał},
	year = {2006},
	keywords = {filozofia, Kosmologia, Wszechświat, Fizyka},
	pages = {48--57},
}

@article{dembinski_o_2015,
	title = {O niektórych aspektach platońskiej filozofii matematyki},
	issn = {0867-8286},
	url = {http://zfn.edu.pl/index.php/zfn/article/view/7},
	language = {pl},
	number = {58},
	journal = {Philosophical Problems in Science (Zagadnienia Filozoficzne w Nauce)},
	author = {Dembiński, Bogdan},
	month = jun,
	year = {2015},
	keywords = {history of philosophy, philosophy of mathematics, Plato, mathematical platonism},
	pages = {45--61},
	file = {Full Text PDF:/home/pawel/.zotero/zotero/2felkxqq.default/zotero/storage/9FKMMWNQ/Dembiński - 2015 - O niektórych aspektach platońskiej filozofii matem.pdf:application/pdf;Snapshot:/home/pawel/.zotero/zotero/2felkxqq.default/zotero/storage/MXPCNGQ3/7.html:text/html},
}



@book{dembinski_pozna_2003,
	address = {Katowice},
	series = {Prace {Naukowe} {Uniwersytetu} Śląskiego w {Katowicach}},
	title = {Późna nauka {Platona}: związki ontologii i matematyki},
	isbn = {978-83-226-1249-1},
	shorttitle = {Późna nauka {Platona}},
	language = {pl},
	number = {nr 2143},
	publisher = {Wydaw. Uniwersytetu Śląskiego},
	author = {Dembiński, Bogdan},
	year = {2003},
	keywords = {Plato, wkład do filozofii matematyki},
}

@book{dembinski_pozny_2010,
	address = {Kęty},
	series = {Fundamenta: studia z~historii filozofii},
	title = {Późny {Platon} i {Stara} {Akademia}},
	isbn = {978-83-61199-35-9},
	language = {pl},
	number = {t. 63},
	publisher = {Wydawnictwo Marek Derewiecki},
	author = {Dembiński, Bogdan},
	year = {2010},
	keywords = {krytyka i interpretacja, Plato, Akademia (filozofia grecka), Filozofia i matematyka},
}

@article{grygiel_rogera_2009,
	title = {Rogera {Penrose}’a kwantowanie umysłu},
	volume = {17},
	number = {3(67)},
	journal = {Filozofia nauki},
	author = {Grygiel, Wojciech P. and Hohol, Mateusz},
	year = {2009},
	pages = {5--31},
	file = {Full Text:/home/pawel/.zotero/zotero/2felkxqq.default/zotero/storage/27IIVSQS/Grygiel i Hohol - 2009 - Rogera Penrose’a kwantowanie umyslu,„.pdf:application/pdf;Snapshot:/home/pawel/.zotero/zotero/2felkxqq.default/zotero/storage/HTVQ796T/article-detail.html:text/html},
}

@incollection{heller_co_2010,
	address = {Kraków},
	title = {Co to znaczy, że przyroda jest matematyczna?},
	isbn = {978-83-7720-192-3},
	language = {pl},
	booktitle = {Matematyczność przyrody},
	publisher = {Wydawnictwo Petrus},
	author = {Heller, Michał},
	editor = {Życiński, Józef and Heller, Michał},
	year = {2010},
	keywords = {filozofia, Matematyka, Filozofia przyrody},
	pages = {7--18},
}

@book{penrose_shadows_1994,
	address = {Oxford; New York},
	title = {Shadows of the {Mind}: {A} {Search} for the {Missing} {Science} of {Consciousness}},
	shorttitle = {Shadows of the {Mind}},
	abstract = {A New York Times bestseller when it appeared in 1989, Roger Penrose's The Emperor's New Mind was universally hailed as a marvelous survey of modern physics as well as a brilliant reflection on the human mind, offering a new perspective on the scientific landscape and a visionary glimpse of the possible future of science. Now, in Shadows of the Mind, Penrose offers another exhilarating look at modern science as he mounts an even more powerful attack on artificial intelligence. But perhaps more important, in this volume he points the way to a new science, one that may eventually explain the physical basis of the human mind. Penrose contends that some aspects of the human mind lie beyond computation. This is not a religious argument (that the mind is something other than physical) nor is it based on the brain's vast complexity (the weather is immensely complex, says Penrose, but it is still a computable thing, at least in theory). Instead, he provides powerful arguments to support his conclusion that there is something in the conscious activity of the brain that transcends computation - and will find no explanation in terms of present-day science. To illuminate what he believes this "something" might be, and to suggest where a new physics must proceed so that we may understand it, Penrose cuts a wide swathe through modern science, providing penetrating looks at everything from Turing computability and Godel's incompleteness, via Schrodinger's Cat and the Elitzur-Vaidman bomb-testing problem, to detailed microbiology. Of particular interest is Penrose's extensive examination of quantum mechanics, which introduces some new ideas that differ markedly from those advanced in The Emperor's New Mind, especially concerning the mysterious interface where classical and quantum physics meet. But perhaps the most interesting wrinkle in Shadows of the Mind is Penrose's excursion into microbiology, where he examines cytoskeletons and microtubules, minute substructures lying deep within the brain's neurons. (He argues that microtubules - not neurons - may indeed be the basic units of the brain, which, if nothing else, would dramatically increase the brain's computational power.) Furthermore, he contends that in consciousness some kind of global quantum state must take place across large areas of the brain, and that it is within microtubules that these collective quantum effects are most likely to reside. . For physics to accommodate something that is as foreign to our current physical picture as is the phenomenon of consciousness, we must expect a profound change - one that alters the very underpinnings of our philosophical viewpoint as to the nature of reality. Shadows of the Mind provides an illuminating look at where these profound changes may take place and what our future understanding of the world may be.},
	language = {en},
	publisher = {Oxford University Press},
	author = {Penrose, Roger},
	year = {1994},
}

@book{penrose_large_1997,
	address = {Cambridge},
	title = {The {Large}, the {Small}, and the {Human} {Mind}},
	isbn = {978-0-521-56330-7},
	language = {en},
	publisher = {Cambridge University Press},
	author = {Penrose, Roger},
	editor = {Longair, Malcolm S.},
	year = {1997},
	keywords = {filozofia, Fizyka, Myślenie, Sztuczna inteligencja, Teoria kwantowa, Twierdzenie Gödla},
}

@book{penrose_road_2005,
	address = {New York},
	edition = {1st American ed},
	title = {The {Road} to {Reality}: {A} {Complete} {Guide} to the {Laws} of the {Universe}},
	isbn = {978-0-679-45443-4},
	shorttitle = {The {Road} to {Reality}},
	language = {en},
	publisher = {Alfred A. Knopf},
	author = {Penrose, Roger},
	year = {2005},
	keywords = {Kosmologia, Fizyka matematyczna},
}

@incollection{heller_jak_2010,
	address = {Kraków},
	title = {Jak rozumieć matematyczność przyrody?},
	isbn = {978-83-7720-192-3},
	language = {pl},
	booktitle = {Matematyczność przyrody},
	publisher = {Wydawnictwo Petrus},
	author = {Życiński, Józef},
	collaborator = {Heller, Michał and Życiński, Józef},
	year = {2010},
	keywords = {filozofia, Matematyka, Filozofia przyrody},
	pages = {19--36},
}

@book{zycinski_teizm_1985,
	address = {Kraków},
	title = {Teizm i filozofia analityczna. {T}. 1},
	isbn = {978-83-7006-074-9},
	language = {pl},
	publisher = {Znak},
	author = {Życiński, Józef},
	year = {1985},
	keywords = {Filozofia, Filozofia analityczna, Teizm},
}

@book{zycinski_teizm_1988,
	address = {Kraków},
	title = {Teizm i filozofia analityczna. {T}. 2},
	isbn = {978-83-7006-131-9},
	publisher = {Znak},
	author = {Życiński, Józef},
	year = {1988},
	keywords = {Filozofia, Filozofia analityczna, Teizm},
}

@article{dembinski_theory_2019,
	title = {The theory of ideas and {Plato}’s philosophy of mathematics},
	copyright = {Copyright (c) 2019 Philosophical Problems in Science (Zagadnienia Filozoficzne w Nauce)},
	issn = {2451-0602},
	url = {https://zfn.edu.pl/index.php/zfn/article/view/468},
	language = {en},
	number = {66},
	urldate = {2019-09-23},
	journal = {Philosophical Problems in Science (Zagadnienia Filozoficzne w Nauce)},
	author = {Dembiński, Bogdan},
	month = jul,
	year = {2019},
	keywords = {mathematical Platonism, ontology, Platonic Academy},
	pages = {95--108},
	file = {Full Text PDF:/home/pawel/.zotero/zotero/2felkxqq.default/zotero/storage/K9V9A3VM/Dembiński - 2019 - The theory of ideas and Plato’s philosophy of math.pdf:application/pdf;Snapshot:/home/pawel/.zotero/zotero/2felkxqq.default/zotero/storage/P6U4JSL4/468.html:text/html},
}

@incollection{heller_field_2014,
	address = {Kraków},
	title = {The field of rationality and category theory},
	url = {http://adsabs.harvard.edu/abs/2014msu..book..441H},
	urldate = {2020-01-28},
	booktitle = {Mathematical {Structures} of the {Universe}},
	publisher = {Copernicus Center Press},
	author = {Heller, Michael},
	editor = {Eckstein, Michał and Heller, Michael and Szybka, Sebastian J.},
	year = {2014},
	pages = {441--457},
}

@book{simmons_introduction_2011,
	address = {Cambridge [etc.]},
	title = {An {Introduction} to {Category} {Theory}},
	isbn = {978-1-107-01087-1},
	language = {en},
	publisher = {Cambridge University Press},
	author = {Simmons, Harold},
	year = {2011},
}

@book{penrose_emperors_1989,
	address = {Oxford [etc.]},
	title = {The {Emperor}'s {New} {Mind}: {Concerning} {Computers}, {Minds}, and the {Laws} of {Physics}},
	isbn = {978-0-19-851973-7},
	shorttitle = {The {Emperor}'s {New} {Mind}},
	language = {en},
	publisher = {Oxford University Press},
	author = {Penrose, Roger},
	year = {1989},
	keywords = {Nauka, filozofia, Fizyka, Matematyka, Myślenie, Sztuczna inteligencja},
}

@book{brozek_umysl_2014,
	address = {Kraków},
	title = {Umysł matematyczny},
	isbn = {978-83-7886-047-1},
	language = {pl},
	publisher = {Copernicus Center Press},
	author = {Brożek, Bartosz and Hohol, Mateusz},
	year = {2014},
	keywords = {Nauki przyrodnicze, Matematyka, aspekt poznawczy, Platonizm, matematyka},
}

@incollection{dembinski_u_2017,
	address = {Kraków},
	title = {U źródeł pytania o matematyczność świata: {Pitagorejczycy}, {Platon} i {Arystoteles}},
	isbn = {978-83-7886-349-6},
	language = {pl},
	booktitle = {Oblicza filozofii w nauce: księga pamiątkowa z okazji 80. urodzin {Michała} {Hellera}},
	publisher = {Copernicus Center Press},
	author = {Dembiński, Bogdan},
	editor = {Polak, Paweł and Mączka, Janusz and Grygiel, Wojciech P.},
	year = {2017},
	note = {16.5 arkusza},
	pages = {11--27},
}

@book{grube_platos_1958,
	address = {Boston},
	title = {Plato's {Thought}},
	copyright = {http://creativecommons.org/publicdomain/mark/1.0/},
	url = {http://archive.org/details/platosthought},
	language = {en},
	urldate = {2022-09-14},
	publisher = {Beacon Press},
	author = {Grube, George Maximilian Anthony},
	year = {1958},
	keywords = {Philosophy},
}

@incollection{heller_czy_2006-1,
	address = {Kraków},
	title = {Czy świat jest racjonalny?},
	isbn = {83-242-0542-X},
	language = {pl},
	booktitle = {Filozofia i wszechświat: wybór pism},
	publisher = {TAiWPN UNIVERSITAS},
	author = {Heller, Michał},
	year = {2006},
	keywords = {filozofia, Kosmologia, Wszechświat, Fizyka},
	pages = {37--47},
}

@article{heller_teoria_2016,
	title = {Teoria kategorii, logika i filozofia},
	volume = {24},
	copyright = {Copyright (c)},
	issn = {2657-5868},
	url = {https://www.fn.uw.edu.pl/index.php/fn/article/view/814},
	abstract = {Abstrakt
					At least since Aristotle, logic was considered to be a tool (organon) in the service of philosophy. It was not until the 19th century that logic started to create its own field of research and be ready for unexpected applications. However, it is category theory that has drastically changed the entire perspective: in this theory logic is no longer a tool that can be applied to a given structure (be it a mathematical model or a physical theory), but rather it is its part or an aspect. Moreover, a given category itself determines the kind of logic that corresponds to its inner structure. The paper briefly recalls those aspects of category theory which are relevant to this set of problems and discusses the consequences of this new approach for philosophy of mathematics and philosophy of physics. Category theory also sheds light on the mutual relations between logic and philosophy in general. The possibility that it is not necessarily classical logic that should be applied to some fundamental problems of metaphysics motivates a more "apophatic" approach to philosophy.},
	language = {pl},
	number = {2},
	urldate = {2022-09-14},
	journal = {Filozofia Nauki},
	author = {Heller, Michał},
	month = jun,
	year = {2016},
	note = {Number: 2},
	keywords = {philosophy of mathematics, category theory, applications of logic in philosophy},
	pages = {5--15},
	file = {Full Text PDF:/home/pawel/.zotero/zotero/2felkxqq.default/zotero/storage/EBY8Z87H/Heller - 2016 - Teoria kategorii, logika i filozofia.pdf:application/pdf},
}

@book{heller_uchwycic_2010,
	address = {Kraków},
	edition = {2. popraw},
	title = {Uchwycić przemijanie},
	isbn = {978-83-240-1338-8},
	language = {pl},
	publisher = {Znak},
	author = {Heller, Michał},
	year = {2010},
	note = {OCLC: 694361774},
}

@book{ingarden_z_1972,
	address = {Warszawa},
	series = {Dzieła filozoficzne / {Roman} {Ingarden}},
	title = {Z teorii języka i filozoficznych podstaw logiki},
	language = {pl},
	publisher = {PWN},
	author = {Ingarden, Roman},
	year = {1972},
	keywords = {Filozofia, Filozofia języka, język, Język i logika},
}

@article{kotarbinski_sprawa_1920,
	title = {Sprawa istnienia przedmiotów idealnych},
	volume = {23},
	journal = {Przegląd Filozoficzny},
	author = {Kotarbiński, Tadeusz},
	year = {1920},
	pages = {149--170},
}

@book{shapiro_thinking_2000,
	address = {Oxford},
	title = {Thinking {About} {Mathematics}: {The} {Philosophy} of {Mathematics}},
	isbn = {978-0-19-289306-2},
	shorttitle = {Thinking {About} {Mathematics}},
	language = {en},
	publisher = {Oxford University Press},
	author = {Shapiro, Stewart},
	year = {2000},
}

@book{zycinski_wszechswiat_2009,
	address = {Lublin},
	series = {Filozofia {Przyrody} i {Nauk} {Przyrodniczych}},
	title = {Wszechświat emergentny: {Bóg} w ewolucji przyrody},
	isbn = {978-83-7363-928-7},
	shorttitle = {Wszechświat emergentny},
	language = {pl},
	number = {4},
	publisher = {Wydawnictwo KUL},
	author = {Życiński, Józef},
	year = {2009},
	keywords = {Bóg, Emergentyzm, Ewolucja (filozofia)},
}

@book{zycinski_granice_2013,
	address = {Kraków},
	title = {Granice racjonalności},
	isbn = {978-83-7720-156-5},
	language = {pl},
	publisher = {Wydawnictwo Petrus},
	author = {Życiński, Józef},
	year = {2013},
	keywords = {Nauka, filozofia, Teoria poznania, Filozofia nauki, 1801-1900, 1901-2000, Historia, 1701-1800, 1601-1700, Racjonalizm, Racjonalność, Metafizyka, Filozofia i etyka, Monografia},
}


@book{zycinski_swiat_2011,
	address = {Kraków},
	title = {Świat matematyki i jej materialnych cieni: elementy platonizmu w podstawach matematyki},
	isbn = {978-83-62259-21-2},
	shorttitle = {Świat matematyki i jej materialnych cieni},
	language = {pl},
	publisher = {Konsorcjum Akademickie – Wydawnictwo WSE w~Krakowie, WSIiZ w~Rzeszowie i~WSZiA w~Zamościu},
	author = {Życiński, Józef},
	year = {2011},
	keywords = {filozofia, Matematyka},
}


@book{zycinski_swiat_2013,
	address = {Kraków},
	title = {Świat matematyki i jej materialnych cieni},
	publisher = {Copernicus Center Press},
	author = {Życiński, Józef},
	year = {2013},
	edition = {2nd ed.},
}

@incollection{zycinski_filozoficzne_1987,
	address = {Kraków},
	title = {Filozoficzne aspekty matematyczności przyrody},
	language = {pl},
	booktitle = {Filozofować w kontekście nauki},
	publisher = {Polskie Towarzystwo Teologiczne},
	author = {Życiński, Józef},
	editor = {Heller, Michał and Michalik, Alicja and Życiński, Józef},
	year = {1987},
	keywords = {Nauka, filozofia, Filozofia i nauka},
	pages = {170--185},
}

@incollection{zycinski_poza_1991,
	address = {Kraków},
	title = {Poza granicami konkretu. {Spór} o powszechniki w kontekście rozwoju nauki nowożytnej},
	language = {pl},
	booktitle = {Spór o uniwersalia a nauka współczesna: sympozjum, {Kraków} 11--12 maja 1990},
	publisher = {Ośrodek Badań Interdyscyplinarnych przy Wydziale Filozofii Papieskiej Akademii Teologicznej},
	author = {Życiński, Józef},
	editor = {Heller, Michał and Skoczny, Włodzimierz and Życiński, Józef},
	year = {1991},
	keywords = {filozofia, Fizyka, konferencje, Uniwersalia (filozofia)},
	pages = {55--80},
}

@incollection{zycinski_status_1995,
	address = {Warszawa; Kraków},
	title = {Status przedmiotów idealnych a ontologia współczesnej fizyki},
	isbn = {978-83-01-11711-5},
	language = {pl},
	booktitle = {W kręgu filozofii {Romana} {Ingardena}: materiały z konferencji naukowej, {Kraków} 1985: praca zbiorowa},
	publisher = {Wydawnictwo Naukowe PWN},
	author = {Życiński, Józef},
	editor = {Stróżewski, Władysław and Węgrzecki, Adam},
	year = {1995},
	keywords = {konferencje, Ingarden, Roman},
	pages = {97--110},
}

@incollection{zycinski_pole_2006,
	address = {Kraków},
	title = {Pole potencjalności a ewolucja {Wszechświata}},
	isbn = {978-83-233-2147-7},
	language = {pl},
	booktitle = {Nauka, religia, dzieje: materia i forma, potencja i akt, czyn: {XIII} seminarium w serii seminariów z {Castel} {Gandolfo}, 25--27 września 2005, {Lublin}},
	publisher = {Wydawnictwo Uniwersytetu Jagiellońskiego},
	author = {Życiński, Józef},
	editor = {Janik, Jerzy Antoni},
	year = {2006},
	keywords = {Bóg, konferencje, Religia i nauka},
	pages = {49--60},
}

@incollection{mac_lane_protean_1992,
	address = {Berlin},
	title = {The protean character of mathematics},
	isbn = {978-3-11-013249-6},
	abstract = {The Protean Character of Mathematics was published in The Space of Mathematics on page 3.},
	language = {en},
	booktitle = {The {Space} of {Mathematics}},
	publisher = {De Gruyter},
	author = {Mac Lane, Saunders},
	editor = {Echeverria, Javier and Ibarra, Andoni and Mormann, Thomas},
	year = {1992},
	doi = {10.1515/9783110870299.3},
	pages = {3--13},
}

@book{heller_uchwycic_1997,
	address = {Kraków},
	title = {Uchwycić przemijanie},
	isbn = {978-83-7006-466-2},
	language = {pl},
	publisher = {Znak},
	author = {Heller, Michał},
	year = {1997},
	keywords = {Czas (filozofia), filozofia, Fizyka, Matematyka},
}

@book{lakoff_where_2000,
	title = {Where Mathematics Comes From: How the Embodied Mind Brings Mathematics Into Being},
	author = {Lakoff, George and Núñez, Rafael E.},
	year = {2000},
	address = {New York},
	publisher = {New York},
}
