
@book{polak_dynamika_2004,
	address = {Kraków; Tarnów},
	title = {Dynamika nauki: filozoficzne aspekty modelowania rozwoju nauki przy pomocy układów dynamicznych},
	isbn = {83-7332-239-6 978-83-7332-239-4},
	shorttitle = {Dynamika nauki},
	language = {pl},
	publisher = {OBI-Biblos},
	author = {Polak, Paweł},
	year = {2004},
	file = {PPolak-Dynamika_nauki.pdf:/home/pawel/.zotero/zotero/2felkxqq.default/zotero/storage/RE596JE9/PPolak-Dynamika_nauki.pdf:application/pdf},
}

@article{polak_nieprzewidywalnosc_2008,
	title = {Nieprzewidywalność rozwoju nauki a badania naukometryczne},
	volume = {24},
	journal = {Logos i Ethos},
	author = {Polak, Paweł},
	year = {2008},
	pages = {73--82},
	file = {PPolak-Nieprzewidywalnosc_rozwoju_nauki.pdf:/home/pawel/.zotero/zotero/2felkxqq.default/zotero/storage/D5PK5SS3/PPolak-Nieprzewidywalnosc_rozwoju_nauki.pdf:application/pdf},
}

@article{liana_nauka_2019,
	title = {Nauka jako racjonalna doxa. {Józefa} Życińskiego koncepcja nauki i filozofii nauki – poza internalizmem i eksternalizmem},
	copyright = {Copyright (c) 2019 Zagadnienia Filozoficzne w Nauce},
	issn = {2451-0602},
	url = {https://zfn.edu.pl/index.php/zfn/article/view/466},
	language = {pl},
	number = {66},
	urldate = {2019-09-23},
	journal = {Philosophical Problems in Science (Zagadnienia Filozoficzne w Nauce)},
	author = {Liana, Zbigniew},
	month = jul,
	year = {2019},
	keywords = {externalism, internalism, metascience, metascientific revolution, philosophy of science, rationalism, scientific revolution, skepticism},
	pages = {147--199},
	file = {Full Text PDF:/home/pawel/.zotero/zotero/2felkxqq.default/zotero/storage/FZ63BPPB/Liana - 2019 - Nauka jako racjonalna doxa. Józefa Życińskiego kon.pdf:application/pdf;Full Text PDF:/home/pawel/.zotero/zotero/2felkxqq.default/zotero/storage/Q7VTZ9JQ/Liana - 2019 - Nauka jako racjonalna doxa. Józefa Życińskiego kon.pdf:application/pdf;Full Text PDF:/home/pawel/.zotero/zotero/2felkxqq.default/zotero/storage/RSSTT7GG/Liana - 2019 - Nauka jako racjonalna doxa. Józefa Życińskiego kon.pdf:application/pdf;Snapshot:/home/pawel/.zotero/zotero/2felkxqq.default/zotero/storage/7746GTG2/466.html:text/html;Snapshot:/home/pawel/.zotero/zotero/2felkxqq.default/zotero/storage/AUA8QUKK/466.html:text/html;Snapshot:/home/pawel/.zotero/zotero/2felkxqq.default/zotero/storage/PNZYTMA3/466.html:text/html},
}

@article{liana_jozefa_2020,
	title = {Józefa Życińskiego koncepcja racjonalizmu umiarkowanego: epistemologiczna i doxalogiczna funkcja podmiotowego commitment},
	copyright = {Copyright (c) 2020 Zagadnienia Filozoficzne w Nauce},
	issn = {2451-0602},
	shorttitle = {Józefa Życińskiego koncepcja racjonalizmu umiarkowanego},
	url = {https://zfn.edu.pl/index.php/zfn/article/view/516},
	language = {pl},
	number = {68},
	urldate = {2021-01-25},
	journal = {Philosophical Problems in Science (Zagadnienia Filozoficzne w Nauce)},
	author = {Liana, Zbigniew},
	month = sep,
	year = {2020},
	note = {Number: 68},
	keywords = {doxalogy, epistemic axiology, epistemology, justification circle, personal knowledge, pragmatic rationality, presuppositions, principle of uncertainty, subjective commitment, temperate rationalism, underdetermination principle},
	pages = {117--184},
	file = {Full Text PDF:/home/pawel/.zotero/zotero/2felkxqq.default/zotero/storage/9UREXMSD/Liana - 2020 - Józefa Życińskiego koncepcja racjonalizmu umiarkow.pdf:application/pdf;Snapshot:/home/pawel/.zotero/zotero/2felkxqq.default/zotero/storage/GL8KLH4N/516.html:text/html},
}

@book{liana_filozoficzne_2021,
	address = {Kraków},
	title = {Filozoficzne korzenie metody krytycznej {K}.{R}. {Poppera}: {Metoda} krytyczna we wczesnym ujęciu {K}.{R}. {Poppera} wobec metafilozoficznej tradycji neokantowskiej szkoły {J}.{F}. {Friesa}},
	isbn = {978-83-7886-607-7},
	shorttitle = {Filozoficzne korzenie metody krytycznej {K}.{R}. {Poppera}},
	language = {pl},
	publisher = {Copernicus Center Press},
	author = {Liana, Zbigniew},
	year = {2021},
}
