
@book{zycinski_structure_1988,
	address = {Tucson},
	series = {Philosophy in {Science} {Library}},
	title = {The {Structure} of the {Metascientific} {Revolution}: {An} {Essay} on the {Growth} of {Modern} {Science}},
	isbn = {978-0-88126-703-7},
	shorttitle = {The structure of the metascientific revolution},
	language = {en},
	number = {3},
	publisher = {Pachart Publishing House},
	author = {Życiński, Józef},
	year = {1988},
	note = {OCLC: 833911652},
}

@book{zycinski_teizm_1985,
	address = {Kraków},
	title = {Teizm i filozofia analityczna. {T}. 1},
	isbn = {978-83-7006-074-9},
	language = {pl},
	publisher = {Znak},
	author = {Życiński, Józef},
	year = {1985},
	keywords = {Filozofia, Filozofia analityczna, Teizm},
}

@book{zycinski_teizm_1988,
	address = {Kraków},
	title = {Teizm i filozofia analityczna. {T}. 2},
	isbn = {978-83-7006-131-9},
	publisher = {Znak},
	author = {Życiński, Józef},
	year = {1988},
	keywords = {Filozofia, Filozofia analityczna, Teizm},
}

@book{zycinski_struktura_2013,
	address = {Kraków},
	title = {Struktura rewolucji metanaukowej: studium rozwoju współczesnej nauki},
	isbn = {978-83-7886-011-2},
	shorttitle = {Struktura rewolucji metanaukowej},
	language = {pl},
	publisher = {Copernicus Center Press},
	author = {Życiński, Józef},
	translator = {Furman, Michał},
	year = {2013},
	keywords = {filozofia, metodologia, Nauka},
}

@incollection{quine_o_1969,
	address = {Warszawa},
	title = {O tym, co istnieje},
	language = {pl},
	booktitle = {Z punktu widzenia logiki: eseje logiczno-filozoficzne},
	publisher = {Państwowe Wydawnictwo Naukowe},
	author = {Quine, Willard Van Orman},
	translator = {Stanosz, Barbara},
	year = {1969},
	keywords = {Eseje [Typ publikacji], Filozofia logiki, Logika},
	pages = {9--34},
}

@incollection{quine_dwa_1969,
	address = {Warszawa},
	title = {Dwa dogmaty empiryzmu},
	language = {pl},
	booktitle = {Z punktu widzenia logiki: eseje logiczno-filozoficzne},
	publisher = {Państwowe Wydawnictwo Naukowe},
	author = {Quine, Willard Van Orman},
	translator = {Stanosz, Barbara},
	year = {1969},
	keywords = {Eseje [Typ publikacji], Filozofia logiki, Logika},
	pages = {35--70},
}

@incollection{holda_kochac_2021,
	address = {Kraków},
	title = {Kochać {Boga} na sposób analityczny. {O} tym, co teologia dogmatyczna może zyskać w spotkaniu z filozofią analityczną},
	isbn = {978-83-277-1845-7},
	booktitle = {Dogmat i metoda: wprowadzenie do badań interdyscyplinarnych w teologii dogmatycznej},
	publisher = {Wydawnictwo WAM},
	author = {Hołda, Miłosz},
	editor = {Woźniak, Robert J.},
	year = {2021},
	keywords = {Interdyscyplinarność, metodologia, Teologia, Teologia dogmatyczna},
	pages = {453--475},
}

@book{crisp_analytic_2009,
	address = {Oxford; New York},
	title = {Analytic theology: new essays in the philosophy of theology},
	isbn = {978-0-19-920356-7},
	shorttitle = {Analytic theology},
	publisher = {Oxford University Press},
	editor = {Crisp, Oliver and Rea, Michael C.},
	year = {2009},
	note = {OCLC: ocn267171100},
	keywords = {Philosophical theology},
}
