
@book{kuhn_struktura_1968,
	address = {Warszawa},
	title = {Struktura rewolucji naukowych},
	language = {pl},
	publisher = {Państwowe Wydawnictwo Naukowe},
	author = {Kuhn, Thomas S.},
	editor = {Amsterdamski, Stefan},
	translator = {Ostromęcka, Helena},
	year = {1968},
	keywords = {filozofia, historia, metodologia, Nauka, Paradygmat (filozofia), Postęp naukowy i techniczny},
}



@book{holton_1988,
	address = {Cambridge},
	title = {Thematic origins of scientific thoughts. Kepler to einstein},
	publisher = {Harvard University Press},
	author = {Holton, Gerald},
	year = {1988}
}


