
@book{pais_subtle_2005,
	address = {Oxford},
	title = {``{Subtle} is the {Lord}'': the science and the life of {Albert} {Einstein}},
	isbn = {978-0-19-280672-7},
	shorttitle = {"{Subtle} is the {Lord}"},
	language = {en},
	publisher = {Oxford University Press},
	author = {Pais, Abraham},
	year = {2005},
	keywords = {1879-1955, Albert, Einstein, Physicists – Germany – Biography, Physics – History},
	file = {Pais-The-science-and-the-life-of-albert-einstein.pdf:/home/pawel/.zotero/zotero/2felkxqq.default/zotero/storage/BHF6GTJU/Pais-The-science-and-the-life-of-albert-einstein.pdf:application/pdf},
}

@book{kragh_wielkie_2016,
	address = {Kraków},
	title = {Wielkie spekulacje: teorie i nieudane rewolucje w fizyce i kosmologii},
	isbn = {978-83-7886-154-6},
	shorttitle = {Wielkie spekulacje},
	language = {pl},
	publisher = {Copernicus Center Press},
	author = {Kragh, Helge},
	translator = {Lanczewski, Tomasz},
	year = {2016},
	keywords = {historia, Kosmologia, Fizyka},
}

@book{baggott_farewell_2013,
	address = {London},
	title = {Farewell to {Reality}: {How} {Fairytale} {Physics} {Betrays} the {Search} for {Scientific} {Truth}},
	isbn = {978-1-78033-492-9},
	language = {en},
	publisher = {Constable},
	author = {Baggott, J. E.},
	year = {2013},
	keywords = {Physics -- Popular works, Quantum theory -- Popular works},
}

@book{baggott_pozegnanie_2015,
	address = {Warszawa},
	series = {Na Ścieżkach {Nauki}},
	title = {Pożegnanie z rzeczywistością: jak współczesna fizyka odchodzi od poszukiwania naukowej prawdy},
	isbn = {978-83-7961-168-3},
	shorttitle = {Pożegnanie z rzeczywistością},
	language = {pl},
	publisher = {Prószyński i S-ka},
	author = {Baggott, James Edward},
	collaborator = {Krośniak, Marek and {Prószyński Media}},
	year = {2015},
	keywords = {Fizyka matematyczna},
}

@article{heller_einstein_2006,
	title = {Einstein, {Wszechświat} i my},
	volume = {57},
	language = {pl},
	number = {3},
	journal = {Postępy Fizyki},
	author = {Heller, Michał},
	year = {2006},
	pages = {108--113},
}

@book{hossenfelder_lost_2018,
	address = {New York},
	edition = {1},
	title = {Lost in {Math}: {How} {Beauty} {Leads} {Physics} {Astray}},
	isbn = {978-0-465-09425-7},
	language = {en},
	publisher = {Basic Books},
	author = {Hossenfelder, Sabine},
	year = {2018},
	keywords = {Fizyka matematyczna},
}

@book{hossenfelder_zagubione_2019,
	address = {Kraków},
	title = {Zagubione w matematyce. {Fizyka} w pułapce piękna},
	language = {pl},
	publisher = {Copernicus Center Press},
	author = {Hossenfelder, Sabine},
	year = {2019},
}

@article{kalinowski_nauka_1916,
	title = {Nauka a fantazja},
	volume = {1},
	number = {1},
	journal = {Przegląd Naukowy i Pedagogiczny},
	author = {Kalinowski, Stanisław},
	year = {1916},
	pages = {15--28},
}

@article{kokowski_proba_1993,
	title = {Próba uniknięcia podstawowego błędu filozofii fizyki {Kuhna}},
	volume = {15},
	journal = {Philosophical Problems in Science (Zagadnienia Filozoficzne w Nauce)},
	author = {Kokowski, Michał},
	year = {1993},
	pages = {77--98},
	file = {Kokowski - 1993 - Próba uniknięcia podstawowego błedu filozofii fizy.pdf:/home/pawel/.zotero/zotero/2felkxqq.default/zotero/storage/WLXHLCY2/Kokowski - 1993 - Próba uniknięcia podstawowego błedu filozofii fizy.pdf:application/pdf},
}

@book{kopczynski_czasoprzestrzen_1984,
	address = {Warszawa},
	title = {Czasoprzestrzeń i grawitacja},
	publisher = {Państwowe Wydawnictwo Naukowe},
	author = {Kopczyński, Wojciech and Trautman, Andrzej},
	year = {1984},
}

@book{kragh_higher_2015,
	address = {Oxford},
	title = {Higher {Speculations}: {Grand} {Theories} and {Failed} {Revolutions} in {Physics} and {Cosmology}},
	isbn = {978-0-19-872637-1},
	language = {en},
	publisher = {Oxford University Press},
	author = {Kragh, Helge},
	year = {2015},
	keywords = {Cosmology – History, Physics – History},
}

@book{russo_forgotten_2004,
	address = {Berlin},
	title = {The {Forgotten} {Revolution}: {How} {Science} {Was} {Born} in 300 {BC} and {Why} {It} {Had} to {Be} {Reborn}},
	language = {en},
	publisher = {Springer},
	author = {Russo, Lucio},
	year = {2004},
}

@book{sady_struktura_2020,
	address = {Kraków},
	title = {Struktura rewolucji relatywistycznej i kwantowej w fizyce},
	publisher = {Towarzystwo Autorów i Wydawców Prac Naukowych Universitas},
	author = {Sady, Wojciech},
	year = {2020},
}

@article{staruszkiewicz_wspolczesny_2001,
	title = {Współczesny stan fizyki teoretycznej poważnym zagrożeniem cywilizacyjnym},
	volume = {74},
	journal = {Foton},
	author = {Staruszkiewicz, Andrzej},
	year = {2001},
	pages = {4--6},
}

@article{szlachic_czy_2010,
	title = {Czy istnieje trzecia droga? {Między} racjonalnymi a socjologicznymi rekonstrukcjami rozwoju wiedzy},
	volume = {35},
	journal = {Annales Univeristatis Mariae Curie-Skłodowska},
	author = {Szlachic, Krzysztof},
	year = {2010},
	pages = {223--249},
	file = {Szlachic - 2010 - Czy istnieje trzecia droga Między racjonalnymi a .pdf:/home/pawel/.zotero/zotero/2felkxqq.default/zotero/storage/Z7PRLVY9/Szlachic - 2010 - Czy istnieje trzecia droga Między racjonalnymi a .pdf:application/pdf},
}

@book{sredniawa_mechanika_1981,
	address = {Warszawa},
	edition = {Czwarte, poprawione},
	title = {Mechanika kwantowa},
	language = {pl},
	publisher = {Państwowe Wydawnictwo Naukowe},
	author = {Średniawa, Bronisław},
	year = {1981},
}

@book{jammer_1966,
	address = {New York -- London},
	title = {The conceptual development of quantum mechanics},
	series = {International series in pure and applied physics},
	publisher = {McGraw-Hill.},
	author = {Jammer, Max},
	year = {1966},
}

@book{heller_2011,
	address = {Kraków},
	edition = {Wyd. 2},
	title = {Podglądanie Wszechświata},
	language = {pl},
	publisher = {Społeczny Instytut Wydawniczy Znak},
	author = {Heller, Michał},
	year = {2011},
}