
@article{polak_spor_2007,
	title = {Spór wokół teorii ewolucji przed stu laty},
	number = {41},
	journal = {Zagadnienia Filozoficzne w Nauce},
	author = {Polak, Paweł},
	year = {2007},
	pages = {56--90},
	file = {Polak - 2007 - Spór wokół teorii ewolucji przed stu laty.pdf:/home/pawel/.zotero/zotero/2felkxqq.default/zotero/storage/BTUT63F3/Polak - 2007 - Spór wokół teorii ewolucji przed stu laty.pdf:application/pdf},
}

@incollection{polak_zmagania_2016,
	address = {Kraków},
	title = {Zmagania polskich filozofów z ogólną teorią względności: przypadek neoscholastycznej recepcji teorii {Einsteina} przed {II} wojną światową},
	isbn = {978-83-7886-226-0},
	language = {pl},
	booktitle = {Ogólna teoria względności a~filozofia: sto lat interakcji},
	publisher = {Copernicus Center Press},
	author = {Polak, Paweł},
	editor = {Polak, Paweł and Mączka, Janusz},
	year = {2016},
	note = {1.74 arkusza},
	pages = {29--64},
	file = {Polak P., Zmagania polskich filozofów z ogólną teorią względności - przypadek neoscholastycznej recepcji teorii Einsteina, [w] Ogólna teorja względności a filozofia, Kraków 2016, s. 29–64.pdf:/home/pawel/.zotero/zotero/2felkxqq.default/zotero/storage/DW3PV8HK/Polak P., Zmagania polskich filozofów z ogólną teorią względności - przypadek neoscholastycznej recepcji teorii Einsteina, [w] Ogólna teorja względności a filozofia, Kra.pdf:application/pdf},
}

@book{pawlicki_spinoza_1912,
	address = {Kraków},
	series = {Wydawnictwa {Towarzystwa} {Filozoficznego} w {Krakowie}},
	title = {Spinoza i dzisiejszy monizm},
	url = {http://rcin.org.pl/dlibra/doccontent?id=16416},
	language = {pl},
	number = {5},
	publisher = {Towarzystwo Filozoficzne},
	author = {Pawlicki, Stefan Zachariasz},
	year = {1912},
	note = {OCLC: 750119840},
	file = {Pawlicki S.Z., Spinoza i dzisiejszy monizm, Kraków 1912.pdf:/home/pawel/.zotero/zotero/2felkxqq.default/zotero/storage/6DUAKTCS/Pawlicki S.Z., Spinoza i dzisiejszy monizm, Kraków 1912.pdf:application/pdf},
}

@book{tatarkiewicz_historia_1998,
	address = {Warszawa},
	edition = {15},
	title = {Historia filozofii. {T}. 3, {Filozofia} {XIX} wieku i~współczesna},
	isbn = {978-83-01-08650-3},
	language = {pl},
	publisher = {Wydawnictwo Naukowe PWN},
	author = {Tatarkiewicz, Władysław},
	year = {1998},
	keywords = {filozofia, historia, Filozofia starożytna, Filozofia średniowieczna},
}

@book{wroblewski_historia_2006,
	address = {Warszawa},
	edition = {1},
	title = {Historia fizyki od czasów najdawniejszych do współczesności},
	isbn = {978-83-01-14635-1},
	language = {pl},
	publisher = {Wydawnictwo Naukowe PWN},
	author = {Wróblewski, Andrzej Kajetan},
	year = {2006},
}

@article{polak_science-religion_2021,
	title = {The science-religion relationship in the academic debate in {Poland}, 1945-1998},
	volume = {17},
	issn = {1842 - 8517},
	language = {en},
	number = {6},
	journal = {European Journal of Science and Theology},
	author = {Polak, Paweł and Rodzeń, Jacek},
	month = dec,
	year = {2021},
	pages = {1--17},
	file = {Polak i Rodzeń - 2021 - The science-religion relationship in the academic .pdf:/home/pawel/.zotero/zotero/2felkxqq.default/zotero/storage/8FQVCI2J/Polak i Rodzeń - 2021 - The science-religion relationship in the academic .pdf:application/pdf},
}

@book{skoczynski_historia_2010,
	address = {Kraków},
	series = {Myśl {Filozoficzna}},
	title = {Historia filozofii polskiej},
	isbn = {978-83-7505-442-2},
	language = {pl},
	publisher = {Wydawnictwo WAM},
	author = {Skoczyński, Jan and Woleński, Jan},
	collaborator = {{Wydawnictwo WAM (Kraków)}},
	year = {2010},
	keywords = {filozofia, historia, Polska},
}

@book{nys_notion_1922,
	address = {Bruxelles},
	title = {La notion d'espace},
	url = {http://archive.org/details/lanotiondespace00nysd},
	language = {fre},
	urldate = {2021-10-05},
	publisher = {R. Sand; [etc., etc.]},
	author = {Nys, Désiré},
	year = {1922},
	keywords = {Space and time},
}

@article{wolak_filozofia_1991,
	title = {Filozofia przyrody {Maritaina} a szczególna teoria względności},
	language = {pl},
	number = {13},
	journal = {Zagadnienia Filozoficzne w Nauce},
	author = {Wolak, Zbigniew},
	year = {1991},
	pages = {33--42},
}

@book{hentschel_interpretationen_1990,
	address = {Basel; Boston; Berlin},
	series = {Science networks},
	title = {Interpretationen und {Fehlinterpretationen} der speziellen und der allgemein {Relativitätstheorie} durch {Zeitgenossen} {Albert} {Einsteins}},
	isbn = {978-3-0348-9967-3 978-3-0348-9261-2},
	url = {http://doi.org/10.1007/978-3-0348-9261-2},
	abstract = {In meiner Arbeit werde ich den Facettenreichtum der Ausdeutungen, die beide RT erfuhren, zunächst zu referieren und durch repräsentative Zitate aus der Literatur der Zeit zu belegen haben. Der Umfang dieser Arbeit geht wesentlich auf das Konto dieser ausgewählten Belege - davon verspreche ich mir, daß nicht nur bislang unveröffentlichte Dokumente, sondern auch entlegene Texte hier in ihren zentralen Passagen leicht zugänglich gemacht werden. Fernerhin werde ich aber auch zu analysieren haben, warum derartig vielfältige, einander mitunter diametral entgegengesetzte Interpretationen einer wissenschaftlichen Theorie vorgelegt wurden. Diese systematische Auswertung aller mir vorliegenden zeitgenössischen Texte zum Thema wird einigen Aufschluß geben zu den über den Rahmen der RT hinaus bedeutsamen Fragen 
 unter welchen Voraussetzungen ist eine Interpretation 'adäquat'?
 was sind die Kriterien dieser (In)adäquanz?
 wann handelt es sich um Fehlinterpretationen?
 gibt es rationale Kriterien, nach denen ein Qualitätsvergleich konkurrierender Interpretationen derselben Theorie möglich ist?},
	language = {de},
	number = {6},
	urldate = {2022-01-21},
	publisher = {Birkhäuser Basel},
	author = {Hentschel, Klaus},
	year = {1990},
	doi = {10.1007/978-3-0348-9261-2},
	file = {Full Text PDF:/home/pawel/.zotero/zotero/2felkxqq.default/zotero/storage/QKKA4PNW/Hentschel - 1990 - Interpretationen und Fehlinterpretationen der spez.pdf:application/pdf;Snapshot:/home/pawel/.zotero/zotero/2felkxqq.default/zotero/storage/CTZLQX53/7199.html:text/html;Table of Contents PDF:/home/pawel/.zotero/zotero/2felkxqq.default/zotero/storage/B2GGZLG3/Hentschel - 1990 - Interpretationen und Fehlinterpretationen der spez.pdf:application/pdf},
}

@book{klimke_monismus_1911,
	address = {Freiburg im Breisgau},
	title = {Der {Monismus} und seine philosophischen {Grundlagen}: {Beiträge} zu einer {Kritik} moderner {Geistesströmungen}},
	copyright = {Domena Publiczna},
	shorttitle = {Der {Monismus} und seine philosophischen {Grundlagen}},
	url = {https://rcin.org.pl/dlibra/doccontent?id=29490},
	abstract = {Bibliogr. w przypisach oraz s. [XIII]-XXIII. Indeksy},
	language = {de},
	urldate = {2022-01-28},
	publisher = {Herdersche Verlagshandlung; (Buchdruckerei der Herderschen Verlagshandlung)},
	author = {Klimke, Friedrich August},
	year = {1911},
	note = {Publisher: (Buchdruckerei der Herderschen Verlagshandlung)},
	keywords = {monism, Monizm [JHPBN]},
	file = {Klimke-Monismus-1911.djvu:/home/pawel/.zotero/zotero/2felkxqq.default/zotero/storage/NKL5RWLF/Klimke-Monismus-1911.djvu:image/vnd.djvu;Snapshot:/home/pawel/.zotero/zotero/2felkxqq.default/zotero/storage/3IWUYPLJ/doccontent.html:text/html},
}

@book{klimke_teorya_1906,
	address = {Kraków},
	series = {Broszury o chwili obecnej},
	title = {Teorya parallelizmu psychofizycznego},
	volume = {4},
	copyright = {Domena Publiczna},
	url = {https://rcin.org.pl/dlibra/doccontent?id=31373},
	abstract = {45 s. ; 25 cm},
	language = {pl},
	urldate = {2022-01-28},
	publisher = {nakł. Red. "Przeglądu Powszechnego"; (druk W. L. Anczyca i Spółki)},
	author = {Klimke, Friedrich August},
	year = {1906},
	note = {Publisher: druk W. L. Anczyca i Spółki)},
	keywords = {mind-body problem, Problem psychofizyczny [JHPBN]},
	file = {Full Text PDF:/home/pawel/.zotero/zotero/2felkxqq.default/zotero/storage/2VKEBXYE/Klimke i Klimke - 1906 - Teorya parallelizmu psychofizycznego.pdf:application/pdf;Snapshot:/home/pawel/.zotero/zotero/2felkxqq.default/zotero/storage/3U9YR4LG/doccontent.html:text/html},
}

@book{trombik_koncepcje_2021,
	address = {Kraków},
	edition = {I},
	title = {Koncepcje filozofii przyrody w {Papieskiej} {Akademii} {Teologicznej} w {Krakowie} w latach 1978-1993: studium historyczno-filozoficzne [{Concepts} of {Philosophy} of {Nature} at the {Pontifical} {Academy} of {Theology} in {Krakow} 1978-1993: {A} {Historical} and {Philosophical} {Study}]},
	isbn = {978-83-66084-98-8},
	shorttitle = {Koncepcje filozofii przyrody w {Papieskiej} {Akademii} {Teologicznej} w {Krakowie} w latach 1978-1993},
	language = {pl},
	publisher = {Wydawnictwo ,,scriptum''},
	author = {Trombik, Kamil},
	year = {2021},
	keywords = {Filozofia przyrody, Papieska Akademia Teologiczna (Kraków), Polska Kraków, 1970-2000},
}

@incollection{numbers_catholicism_1986,
	address = {Berkeley; Los Angeles},
	title = {Catholicism and {Early} {Modern} {Science}},
	isbn = {978-0-520-05692-3},
	language = {en},
	booktitle = {God and nature: historical essays on the encounter between {Christianity} and science},
	publisher = {University of California Press},
	author = {Ashworth, Jr., W.B.},
	editor = {Numbers, Ronald L. and Lindberg, David Charles},
	year = {1986},
	pages = {136--166},
}

@book{balmes_philosophie_1852,
	address = {Paris},
	title = {Philosophie foundamentale},
	volume = {1},
	language = {fr},
	publisher = {Auguste Vaton, Libraire-Éditeur},
	author = {Balmes, Jaime Luciano},
	translator = {Manec, Édouard},
	year = {1852},
}

@article{baranzke_erich_1999,
	title = {Erich {Wasmann} (29.5.1859–27.2.1931) – {Jesuit} und {Zoologe} in {Personalunion}},
	volume = {6},
	url = {http://www.moraltheologie.uni-wuppertal.de/wp-content/uploads/2015/01/Baranzke-Wasmann-JGTG-VI-1999.pdf},
	language = {de},
	urldate = {2022-09-10},
	journal = {Jahrbuch für Geschichte und Theorie der Biologie},
	author = {Baranzke, Heike},
	year = {1999},
	pages = {77--140},
	file = {Baranzke-Wasmann-JGTG-VI-1999.pdf:/home/pawel/.zotero/zotero/2felkxqq.default/zotero/storage/Y6HPGB5N/Baranzke-Wasmann-JGTG-VI-1999.pdf:application/pdf},
}

@book{benk_moderne_2000,
	address = {Mainz},
	title = {Moderne {Physik} und {Theologie}: {Voraussetzungen} und {Perspektiven} eines {Dialogs}},
	isbn = {978-3-7867-2275-5},
	shorttitle = {Moderne {Physik} und {Theologie}},
	language = {de},
	publisher = {Matthias-Grünewald-Verlag},
	author = {Benk, Andreas},
	year = {2000},
	file = {Table of Contents PDF:/home/pawel/.zotero/zotero/2felkxqq.default/zotero/storage/3CWMRKXZ/Benk - 2000 - Moderne Physik und Theologie Voraussetzungen und .pdf:application/pdf},
}

@article{bremer_philosophy_2020,
	title = {Philosophy and {Psychology} in the {Service} of the {Catholic} {Faith}: {Paweł} {Siwek}, {SJ} and {His} {Legacy}},
	volume = {76},
	issn = {0870-5283},
	shorttitle = {Philosophy and {Psychology} in the {Service} of the {Catholic} {Faith}},
	url = {https://www.jstor.org/stable/26986576},
	abstract = {Fr. Paweł Siwek, SJ may be considered the only Polish Jesuit philosopher of the 20th century to have achieved worldwide recognition. This article surveys his work from a broad perspective reflecting philosophy, psychology and theology as pursued in Catholic circles in the 19th and 20th centuries. We review his achievements, while also offering an interpretation. We put forward the thesis that he found his own way of practising neo-Thomism in the spirit of Pope Leo XIII’s Aeterni Patris. To substantiate our claims, we first briefly sketch his biography, providing a synthetic overview of the relevant contexts for his philosophical oeuvre. We then identify his four main areas of interest: namely, the history of philosophy (combined with his translation activities), systematic philosophy (especially his work on the soul-body problem and Baruch Spinoza), the scientific psychology of religion and spirituality, and Christian apologetics in the face of world religions and spiritual movements. In our conclusion, we discuss the main traits of his intellectual work, along with its impact.},
	language = {en},
	number = {4},
	urldate = {2022-09-10},
	journal = {Revista Portuguesa de Filosofia},
	author = {Bremer, Józef and Poznański, Jacek},
	year = {2020},
	note = {Publisher: Revista Portuguesa de Filosofia},
	pages = {1297--1330},
	file = {JSTOR Full Text PDF:/home/pawel/.zotero/zotero/2felkxqq.default/zotero/storage/CL6CNM6S/BREMER i POZNAŃSKI - 2020 - Philosophy and Psychology in the Service of the Ca.pdf:application/pdf},
}

@article{bruehl_implications_1921,
	title = {Some {Implications} of the {New} {Realism}},
	volume = {64},
	language = {en},
	journal = {The Ecclesiastical Review},
	author = {Bruehl, C.P.},
	year = {1921},
	pages = {300--305},
}

@article{brunschvicg_septimana_1934,
	title = {Septimana {Spinozana} -- {Review} of {Acta} {Conventus} Œcumenici in memoriam {Benedicti} de {Spinoza}, diei natalis trecentesimi, {Hagae} comitis habiti, curis {Societatis} {Spinozanæ} edita},
	volume = {118},
	issn = {0035-3833},
	url = {https://www.jstor.org/stable/41084115},
	language = {fr},
	number = {11/12},
	urldate = {2022-09-10},
	journal = {Revue Philosophique de la France et de l'Étranger},
	author = {Brunschvicg, Léon},
	year = {1934},
	note = {Publisher: Presses Universitaires de France},
	pages = {426--427},
	file = {JSTOR Full Text PDF:/home/pawel/.zotero/zotero/2felkxqq.default/zotero/storage/BEE2BAI4/Brunschvicg - 1934 - Review of Acta Conventus Œcumenici in memoriam Ben.pdf:application/pdf},
}

@book{copleston_history_1994,
	address = {New York},
	title = {A history of philosophy. {Vol}. 4, {Modern} philosophy: from {Descartes} to {Leibniz}},
	isbn = {978-0-385-47041-4},
	shorttitle = {A history of philosophy. {Vol}. 4, {Modern} philosophy},
	language = {en},
	publisher = {Doubleday},
	author = {Copleston, Frederick},
	year = {1994},
	note = {OCLC: 439595438},
	keywords = {Descartes, Rene, 1596-1650, Leibniz, Gottfried Wilhelm, 1646-1716, zgodovina filozofije novoveška filozofija},
}

@book{crombie_augustine_1953,
	address = {Cambridge, MA},
	title = {Augustine to {Galileo}. {The} {History} of {Science} {A}.{D}. 400–1650},
	language = {en},
	publisher = {Harvard University Press},
	author = {Crombie, A.C.},
	year = {1953},
}

@book{darowski_filozofia_2001,
	address = {Kraków},
	title = {Filozofia {Jezuitów} w {Polsce} w {XX} wieku: próba syntezy - słownik autorów},
	isbn = {978-83-88209-11-6},
	shorttitle = {Filozofia {Jezuitów} w {Polsce} w {XX} wieku},
	language = {pl},
	publisher = {Wyższa Szkoła Filozoficzno-Pedagogiczna Ignatianum; Wydawnictwo WAM},
	author = {Darowski, Roman},
	year = {2001},
	keywords = {20 w, Polska, Filozofia chrześcijańska, biografie słowniki, Societas Jesu, Wychowanie i edukacja jezuicka},
}

@article{dunin-borkowski_leben_1902,
	title = {Leben und {Lehre} bei {Bened}. de {Spinoza}},
	volume = {62},
	journal = {Stimmen aus Maria Laach},
	author = {Dunin-Borkowski, S. von},
	year = {1902},
	pages = {121--133},
}

@book{dunin-borkowski_junge_1910,
	address = {Münster},
	title = {Der junge {De} {Spinoza}. {Leben} und {Werdegang} im {Lichte} der {Weltphilosophie}},
	publisher = {Aschendorffschen Verlagsbuchhandlung},
	author = {Dunin-Borkowski, S. von},
	year = {1910},
}

@article{dunin-borkowski_wissenschaft_1911,
	title = {Wissenschaft und Übernatur},
	volume = {81},
	journal = {Stimmen aus Maria Laach},
	author = {Dunin-Borkowski, S. von},
	year = {1911},
	pages = {477--486},
}

@article{dunin-borkowski_neue_1921,
	title = {Neue philosophische {Strömungen}},
	volume = {100},
	journal = {Stimmen aus Maria Laach},
	author = {Dunin-Borkowski, S. von},
	year = {1921},
	pages = {209--221},
}

@article{dunin-borkowski_auf_1921,
	title = {Auf dem {Weg} zur {Weltphilosophie}},
	volume = {100},
	journal = {Stimmen aus Maria Laach},
	author = {Dunin-Borkowski, S. von},
	year = {1921},
	pages = {271--281},
}

@incollection{dunin-borkowski_autobiographie_1926,
	address = {Leipzig},
	title = {Autobiographie},
	volume = {1},
	booktitle = {Die {Pädagogik} der {Gegenwart} in {Selbstdarstellungen}},
	publisher = {Felix Meiner},
	author = {Dunin-Borkowski, S. von},
	editor = {Hahn, E.},
	year = {1926},
	pages = {43},
}

@book{dunin-borkowski_aus_1933,
	address = {Münster},
	title = {Aus den {Tagen} {Spinozas}. {Geschehnisse}, {Gestalten}, {Gedankenwelt}, vol. 1: {Das} {Entscheidungsjahr} 1657},
	publisher = {Aschendorffschen Verlagsbuchhandlung},
	author = {Dunin-Borkowski, S. von},
	year = {1933},
}

@book{dunin-borkowski_aus_1935,
	address = {Münster},
	title = {Aus den {Tagen} {Spinozas}. {Geschehnisse}, {Gestalten}, {Gedankenwelt}, vol. 2: {Das} neue {Leben}},
	publisher = {Aschendorffschen Verlagsbuchhandlung},
	author = {Dunin-Borkowski, S. von},
	year = {1935},
}

@book{dunin-borkowski_aus_1936,
	address = {Münster},
	title = {Aus den {Tagen} {Spinozas}. {Geschehnisse}, {Gestalten}, {Gedankenwelt}, vol. 3: {Das} {Lebenswerk}},
	publisher = {Aschendorffschen Verlagsbuchhandlung},
	author = {Dunin-Borkowski, S. von},
	year = {1936},
}

@book{finocchiaro_galileo_1989,
	address = {Berkeley; Los Angeles; London},
	series = {California {Studies} in the {History} of {Science}},
	title = {The {Galileo} {Affair}: {A} {Documentary} {History}},
	isbn = {978-0-520-06662-5},
	shorttitle = {The {Galileo} {Affair}},
	language = {en},
	publisher = {Univeristy of California Press},
	editor = {Finocchiaro, Maurice A.},
	year = {1989},
	keywords = {Religia i nauka, 17 w, Galilei, Galileo, Włochy},
}

@incollection{flipse_between_2010,
	address = {Wien},
	title = {Between {Neo}-{Thomist} {Natural} {Philosophy} and {Secular} {Science}: {Roman} {Catholic} {Scientists} in the {Netherlands}},
	language = {en},
	booktitle = {Styles of thinking in {Science} and {Technology} : proceedings of the 3rd {International} {Conference} of the {European} {Society} for the {History} of {Science}, {Vienna}, {September} 10-12, 2008},
	publisher = {Verlag der Österreichischen Akademie der Wissenschaften},
	author = {Flipse, A.C.},
	editor = {Hunger, H. and Seebacher, F. and Holzer, G.},
	year = {2010},
	pages = {1148--1149},
}

@incollection{glick_relativity_1987,
	address = {Dordrecht; Boston; Lancaster; Tokyo},
	series = {Boston {Studies} in the {Philosophy} and {History} of {Science}},
	title = {Relativity in {Spain}},
	copyright = {©1987 D. Reidel Publishing Company, Dordrecht, Holland},
	isbn = {978-90-277-2498-4},
	url = {https://www.springer.com/gp/book/9789027724984},
	abstract = {The present volume grew out of a double session of the Boston Collo­ quium for the Philosophy of Science held in Boston on March 25, 1983. The papers presented there (by Biezunski, Glick, Goldberg, and Judith Goodstein!) offered both sufficient comparability to establish regulari­ ties in the reception of relativity and Einstein's impact in France, Spain, the United States and Italy, and sufficient contrast to suggest the salience of national inflections in the process. The interaction among the participants and the added perspectives offered by members of the audience suggested the interest of commissioning articles for a more inclusive volume which would cover as many national cases as we could muster. Only general guidelines were given to the authors: to treat the special or general theories, or both, hopefully in a multidisciplinary setting, to examine the popular reception of relativity, or Einstein's personal impact, or to survey all these topics. In a previous volume, on the 2 comparative reception of Darwinism, one of us devised a detailed set of guidelines which in general were not followed. In our opinion, the studies in this collection offer greater comparability, no doubt because relativity by its nature and its complexity offers a sharper, more easily bounded target. As in the Darwinism volume, this book concludes with an essay intended to draw together in comparative perspective some of many themes addressed by the participants.},
	language = {en},
	number = {103},
	urldate = {2020-06-30},
	booktitle = {The {Comparative} {Reception} of {Relativity}},
	publisher = {D. Reidel Publishing Company},
	author = {Glick, T. F.},
	editor = {Glick, T.F.},
	year = {1987},
	doi = {10.1007/978-94-009-3875-5},
	keywords = {Philosophy of Science, History, general},
	pages = {231--263},
}

@article{gutberlet_streit_1913,
	title = {Der {Streit} um die {Relativitätstheorie}},
	volume = {26},
	journal = {Philosophisches Jahrbuch},
	author = {Gutberlet, Constantin},
	year = {1913},
	pages = {328--335},
	file = {PJ26_S328-335_Gutberlet_Der-Streit-um-die-Relativitätstheorie.pdf:/home/pawel/.zotero/zotero/2felkxqq.default/zotero/storage/CWCH55XM/PJ26_S328-335_Gutberlet_Der-Streit-um-die-Relativitätstheorie.pdf:application/pdf},
}

@article{hagen_local_2020,
	title = {The {Local} versus the {Global} in the history of relativity: {The} case of {Belgium}},
	volume = {33},
	issn = {0269-8897, 1474-0664},
	shorttitle = {The {Local} versus the {Global} in the history of relativity},
	url = {https://www.cambridge.org/core/product/identifier/S0269889721000028/type/journal_article},
	doi = {10.1017/S0269889721000028},
	abstract = {Argument
            This article contributes to a global history of relativity, by exploring how Einstein’s theory was appropriated in Belgium. This may sound like a contradiction in terms, yet the early-twentieth-century Belgian context, because of its cultural diversity and reflectiveness of global conditions (the principal example being the First World War), proves well-suited to expose transnational flows and patterns in the global history of relativity. The attempts of Belgian physicist Théophile de Donder to contribute to relativity physics during the 1910s and 1920s illustrate the role of the war in shaping the transnational networks through which relativity circulated. The local attitudes of conservative Belgian Catholic scientists and philosophers, who denied that relativity was philosophically significant, exemplify a global pattern: while critics of relativity feared to become marginalized by the scientific, political, and cultural revolutions that Einstein and his theory were taken to represent, supporters sympathized with these revolutions.},
	language = {en},
	number = {3},
	urldate = {2022-09-10},
	journal = {Science in Context},
	author = {Hagen, Sjang L. ten},
	month = sep,
	year = {2020},
	pages = {227--250},
	file = {Pełny tekst:/home/pawel/.zotero/zotero/2felkxqq.default/zotero/storage/J8DEHTHS/ten Hagen - 2020 - The Local versus the Global in the history of rela.pdf:application/pdf},
}

@article{heller_henri_1995,
	title = {Henri {Bergson} i szczególna teoria względności},
	volume = {47},
	language = {pl},
	number = {6},
	journal = {Znak},
	author = {Heller, Michał},
	year = {1995},
	pages = {34--43},
}

@article{heller_physics_1999,
	title = {Physics and {Philosophy} in the 20th {Century}},
	volume = {28-30},
	language = {en},
	journal = {Organon},
	author = {Heller, Michał},
	year = {1999},
	pages = {95--110},
	file = {Heller - PHYSICS AND PHILOSOPHY IN THE 20th CENTURY.pdf:/home/pawel/.zotero/zotero/2felkxqq.default/zotero/storage/JHY8LBUP/Heller - PHYSICS AND PHILOSOPHY IN THE 20th CENTURY.pdf:application/pdf},
}

@book{klosak_z_1980,
	address = {Poznań},
	title = {Z teorii i metodologii filozofii przyrody},
	language = {pl},
	publisher = {Księgarnia św. Wojciecha},
	author = {Kłósak, Kazimierz},
	year = {1980},
	keywords = {metodologia, Filozofia przyrody},
}

@book{koyre_newtonian_1968,
	address = {Chicago},
	title = {Newtonian {Studies}},
	publisher = {The University of Chicago Press},
	author = {Koyré, Alexandre},
	year = {1968},
}

@article{mckeon_review_1937,
	title = {A review of {S}. von {Dunin}-{Borkowski}’s ‘{Aus} den {Tagen} {Spinozas}. {Geschehnisse}, {Gestalten}, {Gedankenwelt}, vol. 3\&4’},
	volume = {34},
	number = {14},
	journal = {The Journal of Philosophy},
	author = {McKeon, Richard},
	year = {1937},
	pages = {380--383},
}

@article{pummerer_p_1935,
	title = {P. {Stanislaus} von {Dunin}-{Borkowski}},
	volume = {103},
	journal = {Mitteilungen aus den deutschen Provinzen der Gesellschaft Jesu},
	author = {Pummerer, A.},
	year = {1935},
	pages = {549--573},
}

@article{siwek_stanislaw_1935,
	title = {Stanisław {Dunin} {Borkowski}},
	volume = {38},
	journal = {Przegląd Filozoficzny},
	author = {Siwek, Paweł},
	year = {1935},
	pages = {135--141},
}

@article{siwek_spinoza_1938,
	title = {Spinoza w świetle badań ks. {St}. {Dunin}-{Borkowskiego}},
	volume = {41},
	number = {3},
	journal = {Przegląd Filozoficzny},
	author = {Siwek, Paweł},
	year = {1938},
	pages = {305--314},
}

@incollection{stasiewski_dunin-borkowski_1959,
	address = {Berlin},
	title = {Dunin-{Borkowski}, {Zbigniew} {Stanislaus} {Graf}},
	url = {https://www.deutsche-biographie.de/gnd101302150.html},
	urldate = {2022-09-16},
	booktitle = {Neue {Deutsche} {Biographie}, vol. 4. {Dittel}–{Falck}. {Herausgegeben} von der historischen {Kommission} bei der {Bayerischen} {Akademie} der {Wissenschaften}},
	publisher = {Duncker\&Humblot},
	author = {Stasiewski, Bernhard},
	year = {1959},
	pages = {198},
}

@article{wojciechowski_teorie_1955,
	title = {Teorie czasu scholastyczne a {Einsteinowska}},
	volume = {26},
	number = {4},
	journal = {Collectanea Theologica},
	author = {Wojciechowski, Tadeusz},
	year = {1955},
	pages = {663--776},
}

@article{dunin-borkowski_popularer_1898,
	title = {Populärer {Materialismus} und {Wissenschaft}},
	volume = {55},
	journal = {Stimmen aus Maria Laach},
	author = {Dunin-Borkowski, S. von},
	year = {1898},
	pages = {486--506},
}

@book{wertheim_salvation_2011,
	title = {Salvation through {Spinoza}: {A} {Study} of {Jewish} {Culture} in {Weimar} {Germany}},
	isbn = {978-90-04-20921-3},
	shorttitle = {Salvation through {Spinoza}},
	url = {https://brill.com/view/title/16861},
	language = {en},
	urldate = {2022-09-11},
	publisher = {Brill},
	author = {Wertheim, David},
	month = sep,
	year = {2011},
	keywords = {History, General, Intellectual History, Jewish Studies},
}

@incollection{osiander_foreword_1978,
	address = {Warsaw},
	title = {Foreword},
	language = {en},
	booktitle = {Nicolas {Copernicus} on the {Revolutions}, vol. 2},
	publisher = {Polish Scientific Publishers},
	author = {Osiander, A.},
	translator = {Rosen, E. and Dobrzycki, J.},
	year = {1978},
	pages = {XVI},
}

@inbook{heller_materia_1992,
	address = {Warszawa},
	edition = {3},
	title = {Materia -- geometria},
	isbn = {978-83-7072-004-9},
	language = {pl},
	booktitle = {Zagadnienia filozoficzne współczesnej {nauki:} wstęp do filozofii przyrody},
	publisher = {Akademia Teologii Katolickiej},
	author = {Heller, Michał},
	collaborator = {Heller, Michał and Lubański, Mieczysław and Ślaga, Szczepan Witold},
	year = {1992},
	keywords = {Filozofia, Filozofia przyrody, Nauki przyrodnicze},
	pages = {155--281},
}

@book{wulf_pu1,
	title = {Einsteins Relativitätstheorie},
	publisher = {Verlagsanstalt Tyrolia},
	author = {Wulf, Theo},
	year = {1921},
	address = {Innsbruck [etc.]}
}
