
@article{polak_philosophy_2016,
	title = {Philosophy in science -- a case study of the reception of the {Special} and the {General} {Theory} of {Relativity} in {Kraków} and {Lwów} before 1925},
	volume = {15},
	issn = {2451-3202},
	shorttitle = {Philosophy in science -- a case study},
	url = {http://www.ejournals.eu/pliki/art/8049/},
	doi = {http://dx.doi.org/10.4467/23921749SHS.16.010.6153},
	language = {en},
	journal = {Studia {Historiae} {Scientiarum}},
	author = {Polak, Paweł},
	year = {2016},
	note = {1.5 arkusza},
	pages = {245--273},
	file = {Polak - 2016 - Philosophy in science – a case study of the recept.pdf:/home/pawel/.zotero/zotero/2felkxqq.default/zotero/storage/6LMGYSFC/Polak - 2016 - Philosophy in science – a case study of the recept.pdf:application/pdf},
}

@book{schaar_kazimierz_2016,
	address = {Leiden},
	title = {Kazimierz {Twardowski}: {A} {Grammar} for {Philosophy}},
	isbn = {978-90-04-30402-4 978-90-04-30403-1},
	shorttitle = {Kazimierz {Twardowski}},
	language = {en},
	publisher = {Brill},
	author = {Schaar, Maria van der},
	year = {2016},
}

@book{lukasiewicz_analiza_1906,
	address = {Warszawa},
	title = {Analiza i konstrukcja pojęcia przyczyny},
	publisher = {Drukarnia Towarzystwa Akcyjnego S. Orgelbranda Synów},
	author = {Łukasiewicz, Jan},
	year = {1906},
}

@book{kotarbinski_praxiology_1965,
	address = {Oxford},
	title = {Praxiology: {An} {Introduction} to the {Science} of {Efficient} {Action}},
	shorttitle = {Praxiology},
	language = {en},
	publisher = {Pergamon},
	author = {Kotarbiński, Tadeusz},
	year = {1965},
}

@incollection{brandl_theory_1999,
	address = {Amsterdam; Atlanta},
	series = {Poznań {Studies} in the {Philosophy} of the {Sciences} and the {Humanities}},
	title = {Theory of {Knowledge} {A} {Lecture} {Course} 1925},
	isbn = {978-90-420-0788-8},
	language = {en},
	number = {67},
	booktitle = {On {Actions}, {Products} and {Other} {Topics} in {Philosophy}. {Kazimierz} {Twardowski}},
	publisher = {Rodopi},
	author = {Twardowski, Kazimierz},
	editor = {Brandl, Johannes L. and Woleński, Jan},
	translator = {Szylewicz, Arthur},
	year = {1999},
	note = {Translators: \_:n1216},
	keywords = {Filozofia analityczna, Polska, Twardowski, Kazimierz},
	pages = {181--242},
}

@incollection{brandl_clear_1999,
	address = {Amsterdam; Atlanta},
	series = {Poznań {Studies} in the {Philosophy} of the {Sciences} and the {Humanities}},
	title = {On {Clear} and {Unclear} {Philosophical} {Style}},
	isbn = {978-90-420-0788-8},
	language = {en},
	number = {67},
	booktitle = {On {Actions}, {Products} and {Other} {Topics} in {Philosophy}. {Kazimierz} {Twardowski}},
	publisher = {Rodopi},
	author = {Twardowski, Kazimierz},
	editor = {Brandl, Johannes L. and Woleński, Jan},
	translator = {Szylewicz, Arthur},
	year = {1999},
	keywords = {Filozofia analityczna, Polska, Twardowski, Kazimierz},
	pages = {257--259},
}

@incollection{twardowski_przemowienie_1965,
	address = {Warszawa},
	title = {Przemówienie z okazji 25-lecia {PTF} (fragment)},
	language = {pl},
	booktitle = {Wybrane pisma filozoficzne},
	publisher = {PWN},
	author = {Twardowski, Kazimierz},
	year = {1965},
	keywords = {bibliografia, Filozofia języka, Logika, Psychologia, Twardowski, Kazimierz},
	pages = {379--384},
}

@incollection{twardowski_o_1927,
	address = {Lwów},
	title = {O jasnym i niejasnym stylu filozoficznym},
	language = {pl},
	booktitle = {Rozprawy i artykuły filozoficzne},
	publisher = {Księgarnia ``Książnica-Atlas'': nakładem Komitetu Uczniów},
	author = {Twardowski, Kazimierz},
	year = {1927},
	keywords = {19 w, 1900-1945, Filozofia},
	pages = {203--205},
}

@incollection{szymanek_o_2010,
	address = {Sopot},
	title = {O logicznej analizie tekstu},
	booktitle = {Instrukcja obsługi tekstów. {Metody} retoryki},
	publisher = {Gdańskie Wydawnictwo Psychologiczne},
	author = {Szymanek, Krzysztof},
	editor = {Wasilewski, J and Nita, A.},
	year = {2010},
	pages = {197--214},
}

@book{lukasiewicz_logika_1998,
	address = {Warszawa},
	series = {Bibliothèque des {Philosophes}},
	title = {Logika i metafizyka: miscellanea},
	isbn = {978-83-910113-3-1},
	shorttitle = {Logika i metafizyka},
	number = {1},
	publisher = {Wydział Filozofii i Socjologii Uniwersytetu Warszawskiego},
	author = {Łukasiewicz, Jan},
	editor = {Jadacki, Jacek Juliusz},
	year = {1998},
	keywords = {korespondencja, Logika, Łukasiewicz, Jan Leopold, Metafizyka},
}

@article{lukasiewicz_o_1927,
	title = {O metodę w filozofii},
	volume = {31},
	language = {pl},
	journal = {Przegląd {Filozoficzny}},
	author = {Łukasiewicz, Jan},
	year = {1927},
	pages = {3--5},
}

@article{lukasiewicz_o_1915,
	title = {O nauce i filozofii},
	volume = {18},
	language = {pl},
	journal = {Przegląd {Filozoficzny}},
	author = {Łukasiewicz, Jan},
	year = {1915},
	pages = {190--196},
}

@book{john_paul_ii_memory_2005,
	address = {London},
	title = {Memory and {Identity}: {Personal} {Reflections}},
	isbn = {978-0-297-85075-5},
	shorttitle = {Memory and {Identity}},
	language = {en},
	publisher = {Weidenfeld \& Nicolson},
	author = {{John Paul II}},
	year = {2005},
	keywords = {20 w, Chrześcijaństwo i polityka, Jan Paweł, Kościół katolicki, rozmowy},
}

@incollection{dambska_notion_2016,
	address = {Leiden; Boston},
	title = {On the notion of understanding},
	booktitle = {Knowledge, {Language} and {Silence}: {Selected} {Papers}},
	publisher = {Brill Rodopi},
	author = {Dąmbska, Izydora},
	editor = {Brożek, Anna and Jadacki, Jacek},
	year = {2016},
	pages = {331--340},
}

@incollection{czezowski_o_1969,
	address = {Toruń},
	edition = {2 popr. i rozsz},
	series = {Prace {Wydziału} {Filologiczno}-{Filozoficznego} / {Towarzystwo} {Naukowe} w {Toruniu}},
	title = {O dyskusji i dyskutowaniu},
	volume = {20},
	number = {3},
	booktitle = {Odczyty filozoficzne},
	publisher = {TNT},
	author = {Czeżowski, Tadeusz},
	year = {1969},
	keywords = {Epistemologia, Życie (filozofia)},
	pages = {280--288},
}

@incollection{czezowski_kultura_1969,
	address = {Toruń},
	edition = {2 popr. i rozsz},
	series = {Prace {Wydziału} {Filologiczno}-{Filozoficznego} / {Towarzystwo} {Naukowe} w {Toruniu}},
	title = {Kultura logiczna},
	volume = {20},
	number = {3},
	booktitle = {Odczyty filozoficzne},
	publisher = {TNT},
	author = {Czeżowski, Tadeusz},
	year = {1969},
	keywords = {Epistemologia, Życie (filozofia)},
	pages = {271--279},
}

@article{brozek_analiza_2006,
	title = {Analiza “analizy”},
	number = {42/1},
	journal = {Studia {Philosophiae} {Christianae}},
	author = {Brożek, Anna and Jadacki, Jacek},
	year = {2006},
	pages = {37--54},
}

@book{bochenski_logika_2016,
	address = {Kraków},
	title = {Logika},
	isbn = {978-83-7580-514-7},
	publisher = {Wydawnictwo Salwator},
	author = {Bocheński, Józef Maria},
	editor = {Policki, Korneliusz and Błaszczyk, Marek},
	year = {2016},
	keywords = {Logika, podręczniki},
}

@article{trombik_origin_2019,
	title = {The origin and development of the {Center} for {Interdisciplinary} {Studies}. {A} historical outline by 1993},
	copyright = {Copyright (c) 2019 Philosophical Problems in Science (Zagadnienia Filozoficzne w Nauce)},
	issn = {2451-0602},
	url = {https://zfn.edu.pl/index.php/zfn/article/view/474},
	abstract = {The paper concerns the origin and early stage of development of the Center for Interdisciplinary Studies at the Pontifical Academy of Theology in Kraków. Center for Interdisciplinary Studies was founded by Michał Heller and Józef Życiński in the late 1970s. It was an informal institution which focused on conducting scientific activity in the area of philosophy of nature, relationship between mathematical \&amp; natural sciences and philosophy, history of science, as well as relationships between science and religion. In this paper I would like to present how this institution developed, I will discuss various forms of its activity and discuss—very generally—what kind of philosophy was promoted by M. Heller, J. Życiński as well as their pupils and close associates. An important part of the paper will also concern the Center for Interdisciplinary Studies as a unique institution, which has developed—in difficult historical period in Poland—philosophical research in the spirit of freedom and respect for the new achievements of science, and also promoted interdisciplinary dialogue between scientists and philosophers.},
	language = {en},
	number = {66},
	urldate = {2021-10-07},
	journal = {Philosophical {Problems} in {Science} ({Zagadnienia} {Filozoficzne} w {Nauce})},
	author = {Trombik, Kamil Piotr},
	month = jul,
	year = {2019},
	keywords = {Center for Interdisciplinary Studies, history of Polish philosophy, Józef Życiński, Michał Heller, philosophy in science, philosophy of nature},
	pages = {271--295},
	file = {Full Text PDF:/home/pawel/.zotero/zotero/2felkxqq.default/zotero/storage/EGJW37WN/Trombik - 2019 - The origin and development of the Center for Inter.pdf:application/pdf},
}
