
@article{polak_internetowe_2021,
	title = {Internetowe szaty filozofii epoki informatycznej [recenzja]},
	url = {https://zfn.edu.pl/index.php/zfn/article/view/548},
	abstract = {[Internet clothes of the philosophy in the information technology era]

In this review, we present the philosophical blog “Cafe Aleph” (https://marciszewski.eu), which was founded by Witold Marciszewski in collaboration with Paweł Stacewicz. The blog contains numerous expert entries on issues from the border of philosophy, science and technology. “Cafe Aleph” is an area for developing, popularizing and discussing the idea of philosophy of computing.},
	language = {pl},
	number = {70},
	urldate = {2021-11-15},
	journal = {Philosophical Problems in Science (Zagadnienia Filozoficzne w Nauce)},
	author = {Polak, Paweł and Trombik, Kamil and Krzanowski, Roman},
	month = nov,
	year = {2021},
	note = {Section: Review articles},
	pages = {251--259},
	file = {Full Text PDF:/home/pawel/.zotero/zotero/2felkxqq.default/zotero/storage/3V73BLF8/2021 - Internet clothes of the philosophy in the informat.pdf:application/pdf;Full Text PDF:/home/pawel/.zotero/zotero/2felkxqq.default/zotero/storage/YX3DA7CX/2021 - Internet clothes of the philosophy in the informat.pdf:application/pdf;Full Text PDF:/home/pawel/.zotero/zotero/2felkxqq.default/zotero/storage/S8ZQA246/2021 - Internetowe szaty filozofii epoki informatycznej .pdf:application/pdf;Pełny tekst:/home/pawel/.zotero/zotero/2felkxqq.default/zotero/storage/EV5I7QFM/Polak et al. - 2021 - Internet clothes of the philosophy in the informat.pdf:application/pdf},
}

@article{kozlowski_ewolucja_2018,
	title = {Ewolucja człowieka jako seria dodatnich sprzężeń zwrotnych [{Human} evolution as a series of positive feedbacks ]},
	url = {https://zfn.edu.pl/index.php/zfn/article/view/441},
	language = {pl},
	number = {65},
	urldate = {2021-12-17},
	journal = {Philosophical Problems in Science (Zagadnienia Filozoficzne w Nauce)},
	author = {Kozłowski, Jan},
	month = dec,
	year = {2018},
	pages = {145--176},
	file = {Full Text PDF:/home/pawel/.zotero/zotero/2felkxqq.default/zotero/storage/474IWWTN/2018 - Ewolucja człowieka jako seria dodatnich sprzężeń z.pdf:application/pdf},
}

@book{hart_niedostosowani_2021,
	address = {Kraków},
	edition = {1},
	series = {Seria \#{Nauka}},
	title = {Niedostosowani: dlaczego ewolucja nie nadąża},
	isbn = {978-83-233-5047-7 978-83-233-7275-2},
	shorttitle = {Niedostosowani},
	language = {pl},
	publisher = {Wydawnictwo Uniwersytetu Jagiellońskiego (Bo.wiem)},
	author = {Hart, Adam},
	translator = {Gutowska-Nowak, Barbara},
	year = {2021},
	keywords = {Człowiek, ewolucja, historia, Problemy społeczne, wydawnictwa popularne},
}
