@Article{mojkot1,
AUTHOR = {Dajka, Jerzy},
TITLE = {Scatteringâ€“Like Control of the Cheshire Cat Effect in Open Quantum Systems},
JOURNAL = {Quantum Reports},
VOLUME = {2},
YEAR = {2020},
NUMBER = {1},
PAGES = {1--11},
URL = {https://www.mdpi.com/2624-960X/2/1/1},
ISSN = {2624-960X},
DOI = {10.3390/quantum2010001}
}





@Article{mojkot,
AUTHOR = {Richter, Monika and Dziewit, Bartosz and Dajka, Jerzy},
TITLE = {The Quantum Cheshire Cat Effect in the Presence of Decoherence},
JOURNAL = {Advances in Mathematical Physics},
VOLUME = {2018},
YEAR = {2018},
NUMBER = {1},
PAGES = {7060586},
URL = {https://doi.org/10.1155/2018/7060586},
ISSN = {2624-960X},
DOI = {10.1155/2018/7060586}
}

@Article{scirep,
author={Dajka, Jerzy},
title={Faint trace of a particle in a noisy Vaidman three-path interferometer},
journal={Scientific Reports},
year={2021},
volume={11},
number={1},
pages={1123},
issn={2045-2322},
doi={10.1038/s41598-020-80806-z},
url={https://doi.org/10.1038/s41598-020-80806-z}
}



